@book{ref:zell:1994,
  title     = {Simulation neuronaler netze},
  author    = {Zell, Andreas},
  volume    = {1},
  number    = {5.3},
  year      = {1994},
  publisher = {Addison-Wesley Bonn}
}

@book{ref:werbos:1994,
  title     = {The roots of backpropagation: from ordered derivatives to neural networks and political forecasting},
  author    = {Werbos, Paul John},
  volume    = {1},
  year      = {1994},
  publisher = {John Wiley \& Sons}
}

@article{ref:gupta:1999,
  title     = {Comparing backpropagation with a genetic algorithm for neural network training},
  author    = {Gupta, Jatinder ND and Sexton, Randall S},
  journal   = {Omega},
  volume    = {27},
  number    = {6},
  pages     = {679--684},
  year      = {1999},
  publisher = {Elsevier}
}

@article{ref:dowsland:2007,
  title     = {A simulated annealing based hyperheuristic for determining shipper sizes for storage and transportation},
  author    = {Dowsland, Kathryn A and Soubeiga, Eric and Burke, Edmund},
  journal   = {European Journal of Operational Research},
  volume    = {179},
  number    = {3},
  pages     = {759--774},
  year      = {2007},
  publisher = {Elsevier}
}

@inproceedings{ref:glorot:2010,
  title     = {Understanding the difficulty of training deep feedforward neural networks},
  author    = {Glorot, Xavier and Bengio, Yoshua},
  booktitle = {Proceedings of the thirteenth international conference on artificial intelligence and statistics},
  pages     = {249--256},
  year      = {2010}
}
