@preamble{"\newcommand{\noopsort}[1]{} " #
    "\newcommand{\singleletter}[1]{#1} "}

@book{ref:wackerly:2014,
    title     = {Mathematical statistics with applications},
    author    = {Wackerly, Dennis and Mendenhall, William and Scheaffer, Richard L},
    year      = {2014},
    publisher = {Cengage Learning}
}

@inproceedings{ref:neal:1993,
    title     = {Bayesian learning via stochastic dynamics},
    author    = {Neal, Radford M},
    booktitle = {Advances in neural information processing systems},
    pages     = {475--482},
    year      = {1993}
}

@inproceedings{ref:denker:1991,
    title     = {Transforming neural-net output levels to probability distributions},
    author    = {Denker, John S and LeCun, Yann},
    booktitle = {Advances in neural information processing systems},
    pages     = {853--859},
    year      = {1991}
}

@article{ref:tetko:1995,
    title     = {Neural network studies. 1. Comparison of overfitting and overtraining},
    author    = {Tetko, Igor V and Livingstone, David J and Luik, Alexander I},
    journal   = {Journal of chemical information and computer sciences},
    volume    = {35},
    number    = {5},
    pages     = {826--833},
    year      = {1995},
    publisher = {ACS Publications}
}

@inbook{ref:miikkulainen:2010,
    author    = "Miikkulainen, Risto",
    editor    = "Sammut, Claude
    and Webb, Geoffrey I.",
    title     = "Topology of a Neural Network",
    bookTitle = "Encyclopedia of Machine Learning",
    year      = "2010",
    publisher = "Springer US",
    address   = "Boston, MA",
    pages     = "988--989",
    isbn      = "978-0-387-30164-8"
}

@inproceedings{ref:lin:2008,
    title        = {A digital circuit design of hyperbolic tangent sigmoid function for neural networks},
    author       = {Lin, Che-Wei and Wang, Jeen-Shing},
    booktitle    = {2008 IEEE International Symposium on Circuits and Systems},
    pages        = {856--859},
    year         = {2008},
    organization = {IEEE}
}

@inproceedings{ref:lecun:1988,
    title        = {A theoretical framework for back-propagation},
    author       = {LeCun, Yann and Touresky, D and Hinton, G and Sejnowski, T},
    booktitle    = {Proceedings of the 1988 connectionist models summer school},
    volume       = {1},
    pages        = {21--28},
    year         = {1988},
    organization = {CMU, Pittsburgh, Pa: Morgan Kaufmann}
}

@inproceedings{ref:maas:2013,
    title     = {Rectifier nonlinearities improve neural network acoustic models},
    author    = {Maas, Andrew L and Hannun, Awni Y and Ng, Andrew Y},
    booktitle = {Proc. icml},
    volume    = {30},
    number    = {1},
    pages     = {3},
    year      = {2013}
}

@inproceedings{ref:jarrett:2009,
    title        = {What is the best multi-stage architecture for object recognition?},
    author       = {Jarrett, Kevin and Kavukcuoglu, Koray and Ranzato, Marc'Aurelio and LeCun, Yann},
    booktitle    = {2009 IEEE 12th international conference on computer vision},
    pages        = {2146--2153},
    year         = {2009},
    organization = {IEEE}
}

@inproceedings{ref:nair:2010,
    title     = {Rectified linear units improve restricted boltzmann machines},
    author    = {Nair, Vinod and Hinton, Geoffrey E},
    booktitle = {ICML},
    year      = {2010}
}

@inproceedings{ref:hanin:2018,
    title     = {Which neural net architectures give rise to exploding and vanishing gradients?},
    author    = {Hanin, Boris},
    booktitle = {Advances in Neural Information Processing Systems},
    pages     = {582--591},
    year      = {2018}
}

@inproceedings{ref:thimm:1995,
    title        = {Neural network initialization},
    author       = {Thimm, Georg and Fiesler, Emile},
    booktitle    = {International Workshop on Artificial Neural Networks},
    pages        = {535--542},
    year         = {1995},
    organization = {Springer}
}

@article{ref:patro:2015,
    title   = {Normalization: A preprocessing stage},
    author  = {Patro, S and Sahu, Kishore Kumar},
    journal = {arXiv preprint arXiv:1503.06462},
    year    = {2015}
}

@article{ref:jain:2005,
    title     = {Score normalization in multimodal biometric systems},
    author    = {Jain, Anil and Nandakumar, Karthik and Ross, Arun},
    journal   = {Pattern recognition},
    volume    = {38},
    number    = {12},
    pages     = {2270--2285},
    year      = {2005},
    publisher = {Elsevier}
}

@article{ref:al:2006,
    title   = {Data mining: A preprocessing engine},
    author  = {Al Shalabi, Luai and Shaaban, Zyad and Kasasbeh, Basel},
    journal = {Journal of Computer Science},
    volume  = {2},
    number  = {9},
    pages   = {735--739},
    year    = {2006}
}

@article{ref:drake:2020,
    title     = {Recent advances in selection hyper-heuristics},
    author    = {Drake, John H and Kheiri, Ahmed and {\"O}zcan, Ender and Burke, Edmund K},
    journal   = {European Journal of Operational Research},
    volume    = {285},
    number    = {2},
    pages     = {405--428},
    year      = {2020},
    publisher = {Elsevier}
}

@inproceedings{ref:allen:1996,
    title        = {Selecting the right heuristic algorithm: Runtime performance predictors},
    author       = {Allen, John A and Minton, Steven},
    booktitle    = {Conference of the Canadian Society for Computational Studies of Intelligence},
    pages        = {41--53},
    year         = {1996},
    organization = {Springer}
}

@article{ref:hospedales:2020,
    title   = {Meta-learning in neural networks: A survey},
    author  = {Hospedales, Timothy and Antoniou, Antreas and Micaelli, Paul and Storkey, Amos},
    journal = {arXiv preprint arXiv:2004.05439},
    year    = {2020}
}

@article{ref:vilalta:2002,
    title     = {A perspective view and survey of meta-learning},
    author    = {Vilalta, Ricardo and Drissi, Youssef},
    journal   = {Artificial intelligence review},
    volume    = {18},
    number    = {2},
    pages     = {77--95},
    year      = {2002},
    publisher = {Springer}
}

@inproceedings{ref:nepomuceno:2013,
    title        = {A self-adaptive heterogeneous pso for real-parameter optimization},
    author       = {Nepomuceno, Filipe V and Engelbrecht, Andries P},
    booktitle    = {2013 IEEE congress on evolutionary computation},
    pages        = {361--368},
    year         = {2013},
    organization = {IEEE}
}

    % USED
@article{ref:silver:2016,
    Author        = {David Silver and Aja Huang and Christopher J. Maddison and Arthur Guez and Laurent Sifre and George van den Driessche and Julian Schrittwieser and Ioannis Antonoglou and Veda Panneershelvam and Marc Lanctot and Sander Dieleman and Dominik Grewe and John Nham and Nal Kalchbrenner and Ilya Sutskever and Timothy Lillicrap and Madeleine Leach and Koray Kavukcuoglu and Thore Graepel and Demis Hassabis},
    Date-Modified = {2019-02-04 17:04:10 +0200},
    Journal       = {Nature},
    Keywords      = {Deep Neural Networks, AlphaGo, Google},
    Pages         = {484--503},
    Title         = {Mastering the game of Go with deep neural networks and tree search},
    Url           = {http://www.nature.com/nature/journal/v529/n7587/full/nature16961.html},
    Volume        = {529},
    Year          = {2016},
    Bdsk-Url-1    = {http://www.nature.com/nature/journal/v529/n7587/full/nature16961.html}}

    % USED
@article{ref:silver:2017,
    Added-At      = {2017-12-15T02:14:58.000+0100},
    Author        = {Silver, David and Schrittwieser, Julian and Simonyan, Karen and Antonoglou, Ioannis and Huang, Aja and Guez, Arthur and Hubert, Thomas and Baker, Lucas and Lai, Matthew and Bolton, Adrian and Chen, Yutian and Lillicrap, Timothy and Hui, Fan and Sifre, Laurent and van den Driessche, George and Graepel, Thore and Hassabis, Demis},
    Biburl        = {https://www.bibsonomy.org/bibtex/2ecdfbfcceb55ee5f14c1c375ad71f2cb/achakraborty},
    Description   = {Mastering the game of Go without human knowledge | Nature},
    Interhash     = {c45d318e105d0f2d62ccc28c2699d9d4},
    Intrahash     = {ecdfbfcceb55ee5f14c1c375ad71f2cb},
    Journal       = {Nature},
    Keywords      = {2017 deep-learning deepmind google paper reinforcement-learning},
    Month         = oct,
    Pages         = {354--},
    Publisher     = {Macmillan Publishers Limited, part of Springer Nature. All rights reserved.},
    Timestamp     = {2017-12-15T02:14:58.000+0100},
    Title         = {Mastering the game of Go without human knowledge},
    Url           = {http://dx.doi.org/10.1038/nature24270},
    Volume        = 550,
    Year          = 2017,
    Bdsk-Url-1    = {http://dx.doi.org/10.1038/nature24270}}

    % USED
@misc{ref:zoph:2017,
    author        = {Barret Zoph, Vijay Vasudevan, Jonathon Shlens and Quoc Le},
    title         = {AutoML for large scale image classification and object detection},
    type          = {Blog},
    number        = {November 2},
    year          = {2017},
    howpublished  = {\url{https://ai.googleblog.com/2017/11/automl-for-large-scale-image.html}}
}

    % USED
@article{ref:lecun:2015,
    title         = {Deep learning},
    author        = {LeCun, Yann and Bengio, Yoshua and Hinton, Geoffrey},
    journal       = {nature},
    volume        = {521},
    number        = {7553},
    pages         = {436},
    year          = {2015},
    publisher     = {Nature Publishing Group}
}

    % USED
@inproceedings{ref:glorot:2010,
    title         = {Understanding the difficulty of training deep feedforward neural networks},
    author        = {Glorot, Xavier and Bengio, Yoshua},
    booktitle     = {Proceedings of the thirteenth international conference on artificial intelligence and statistics},
    pages         = {249--256},
    year          = {2010}
}

    % USED
@inproceedings{ref:goodfellow:2014,
    title         = {Generative adversarial nets},
    author        = {Goodfellow, Ian and Pouget-Abadie, Jean and Mirza, Mehdi and Xu, Bing and Warde-Farley, David and Ozair, Sherjil and Courville, Aaron and Bengio, Yoshua},
    booktitle     = {Advances in neural information processing systems},
    pages         = {2672--2680},
    year          = {2014}
}

    % USED
@misc{ref:quoc:2017,
    author        = {Quoc V. Le, Mike Schuster},
    title         = {A Neural Network for Machine Translation, at Production Scale},
    type          = {Blog},
    number        = {September 27},
    year          = {2016},
    howpublished  = {\url{https://ai.googleblog.com/2016/09/a-neural-network-for-machine.html}}
}

    % USED
@article{ref:lewis:2017,
    title         = {Deal or no deal? end-to-end learning for negotiation dialogues},
    author        = {Lewis, Mike and Yarats, Denis and Dauphin, Yann N and Parikh, Devi and Batra, Dhruv},
    journal       = {arXiv preprint arXiv:1706.05125},
    year          = {2017}
}

@misc{ref:san-hun:2016,
    author        = {Choe Sang-Hun},
    title         = {Google’s Computer Program Beats Lee Se-dol in Go Tournament},
    type          = {Blog},
    number        = {March 15},
    year          = {2016},
    howpublished  = {\url{https://www.nytimes.com/2016/03/16/world/asia/korea-alphago-vs-lee-sedol-go.html}}
}

@book{ref:keene:1996,
    title         = {Man v Machine: The ACM Chess Challenge: Garry Kasparov v IBM's Deep Blue},
    author        = {Keene, Raymond Dennis and Jacobs, Byron A and Buzan, Tony},
    year          = {1996},
    publisher     = {BB Enterprises}
}

@article{ref:kelley:2010,
    title         = {Deep Blue cannot play checkers: The need for generalized intelligence for mobile robots},
    author        = {Kelley, Troy D and Long, Lyle N},
    journal       = {Journal of Robotics},
    volume        = {2010},
    year          = {2010},
    publisher     = {Hindawi}
}

@article{ref:mnih:2013,
    title         = {Playing atari with deep reinforcement learning},
    author        = {Mnih, Volodymyr and Kavukcuoglu, Koray and Silver, David and Graves, Alex and Antonoglou, Ioannis and Wierstra, Daan and Riedmiller, Martin},
    journal       = {arXiv preprint arXiv:1312.5602},
    year          = {2013}
}

@book{ref:reed:1999,
    title         = {Neural Smithing: Supervised Learning in Feedforward Artificial Neural Networks},
    author        = {Reed, R. and MarksII, R.J.},
    isbn          = {9780262181907},
    lccn          = {98013416},
    series        = {A Bradford Book},
    year          = {1999},
    publisher     = {MIT Press}
}

@book{ref:pearl:1984,
    title         = {Heuristics: Intelligent Search Strategies for Computer Problem Solving},
    author        = {Pearl, J.},
    isbn          = {9780201055948},
    lccn          = {lc83012217},
    series        = {The Addison-Wesley Series in Artificial Intelligence},
    year          = {1984},
    publisher     = {Addison-Wesley}
}

@book{ref:pillay:2018,
    title         = {Hyper-Heuristics: Theory and Applications},
    author        = {Pillay, N. and Qu, R.},
    isbn          = {978331996\-5147},
    series        = {Natural Computing Series},
    year          = {2018},
    publisher     = {Springer International Publishing}
}

@article{ref:vadera:1995,
    title         = {Review of heuristics for generalisation},
    author        = {Vadera, Sunil},
    journal       = {Software Engineering Journal},
    volume        = {10},
    number        = {4},
    pages         = {118--124},
    year          = {1995},
    publisher     = {IET}
}

@article{ref:wolpert:1997,
    title         = {No free lunch theorems for optimization},
    author        = {Wolpert, David H and Macready, William G},
    journal       = {IEEE transactions on evolutionary computation},
    volume        = {1},
    number        = {1},
    pages         = {67--82},
    year          = {1997},
    publisher     = {IEEE}
}

@article{ref:engelbrecht:2001,
    title         = {Sensitivity analysis for selective learning by feedforward neural networks},
    author        = {Engelbrecht, Andries Petrus},
    journal       = {Fundamenta Informaticae},
    volume        = {46},
    number        = {3},
    pages         = {219--252},
    year          = {2001},
    publisher     = {IOS Press}
}

@article{ref:denoeux:1993,
    title         = {Initializing back propagation networks with prototypes},
    author        = {Denoeux, Thierry and Lengell{\'e}, R{\'e}gis},
    journal       = {Neural Networks},
    volume        = {6},
    number        = {3},
    pages         = {351--363},
    year          = {1993}
}

@article{ref:wessels:1992,
    title         = {Avoiding false local minima by proper initialization of connections},
    author        = {Wessels, Lodewyk FA and Barnard, Etienne},
    journal       = {IEEE Transactions on Neural Networks},
    volume        = {3},
    number        = {6},
    pages         = {899--905},
    year          = {1992},
    publisher     = {IEEE}
}

@article{ref:magoulas:1997,
    title         = {Effective backpropagation training with variable stepsize},
    author        = {Magoulas, George D and Vrahatis, Michael N and Androulakis, George S},
    journal       = {Neural networks},
    volume        = {10},
    number        = {1},
    pages         = {69--82},
    year          = {1997},
    publisher     = {Elsevier}
}

@article{ref:salomon:1996,
    title         = {Accelerating backpropagation through dynamic self-adaptation},
    author        = {Salomon, Ralf and Van Hemmen, J Leo},
    journal       = {Neural Networks},
    volume        = {9},
    number        = {4},
    pages         = {589--601},
    year          = {1996},
    publisher     = {Citeseer}
}

@article{ref:weir:1991,
    title         = {A method for self-determination of adaptive learning rates in back propagation},
    author        = {Weir, Michael K},
    journal       = {Neural Networks},
    volume        = {4},
    number        = {3},
    pages         = {371--379},
    year          = {1991},
    publisher     = {Elsevier}
}

@article{ref:yu:1997,
    title         = {Efficient backpropagation learning using optimal learning rate and momentum},
    author        = {Yu, Xiao-Hu and Chen, Guo-An},
    journal       = {Neural Networks},
    volume        = {10},
    number        = {3},
    pages         = {517--527},
    year          = {1997},
    publisher     = {Elsevier}
}

@article{ref:cibas:1996,
    title         = {Variable selection with neural networks},
    author        = {Cibas, Tautvydas and Souli{\'e}, F Fogelman and Gallinari, Patrick and Raudys, Sarunas},
    journal       = {Neurocomputing},
    volume        = {12},
    number        = {2-3},
    pages         = {223--248},
    year          = {1996},
    publisher     = {Citeseer}
}

@inproceedings{ref:engelbrecht:1996,
    title         = {A sensitivity analysis algorithm for pruning feedforward neural networks},
    author        = {Engelbrecht, Andries P and Cloete, Ian},
    booktitle     = {Neural Networks, 1996., IEEE International Conference on},
    volume        = {2},
    pages         = {1274--1278},
    year          = {1996},
    organization  = {IEEE}
}

@inproceedings{ref:fletcher:1998,
    title         = {Optimizing the number of hidden nodes of a feedforward artificial neural network},
    author        = {Fletcher, L and Katkovnik, V and Steffens, FE and Engelbrecht, AP},
    booktitle     = {Neural Networks Proceedings, 1998. IEEE World Congress on Computational Intelligence. The 1998 IEEE International Joint Conference on},
    volume        = {2},
    pages         = {1608--1612},
    year          = {1998},
    organization  = {IEEE}
}

@inproceedings{ref:hassibi:1994,
    title         = {Optimal brain surgeon: Extensions and performance comparisons},
    author        = {Hassibi, Babak and Stork, David G and Wolff, Gregory},
    booktitle     = {Advances in neural information processing systems},
    pages         = {263--270},
    year          = {1994}
}

@inproceedings{ref:lecun:1990,
    title         = {Optimal brain damage},
    author        = {LeCun, Yann and Denker, John S and Solla, Sara A},
    booktitle     = {Advances in neural information processing systems},
    pages         = {598--605},
    year          = {1990}
}

@article{ref:zurada:1997,
    title         = {Perturbation method for deleting redundant inputs of perceptron networks},
    author        = {Zurada, Jacek M and Malinowski, Aleksander and Usui, Shiro},
    journal       = {Neurocomputing},
    volume        = {14},
    number        = {2},
    pages         = {177--193},
    year          = {1997},
    publisher     = {Elsevier}
}

@article{ref:hirose:1991,
    title         = {Back-propagation algorithm which varies the number of hidden units},
    author        = {Hirose, Yoshio and Yamashita, Koichi and Hijiya, Shimpei},
    journal       = {Neural Networks},
    volume        = {4},
    number        = {1},
    pages         = {61--66},
    year          = {1991},
    publisher     = {Elsevier}
}

@techreport{ref:kwok:1995,
    title         = {Constructive feedforward neural networks for regression problems: A survey},
    author        = {Kwok, Tin-Yau and Yeung, Dit Yan},
    year          = {1995}
}

@article{ref:lim:1993,
    title         = {Dynamic creation of hidden units with selective pruning in backpropagation},
    author        = {Lim, Siew Foong and Ho, Seng-Beng},
    year          = {1993},
    publisher     = {TRD4/93}
}

@article{ref:srivastava:2014,
    title         = {Dropout: a simple way to prevent neural networks from overfitting},
    author        = {Srivastava, Nitish and Hinton, Geoffrey and Krizhevsky, Alex and Sutskever, Ilya and Salakhutdinov, Ruslan},
    journal       = {The Journal of Machine Learning Research},
    volume        = {15},
    number        = {1},
    pages         = {1929--1958},
    year          = {2014},
    publisher     = {JMLR. org}
}

@inproceedings{ref:krogh:1992,
    title         = {A simple weight decay can improve generalization},
    author        = {Krogh, Anders and Hertz, John A},
    booktitle     = {Advances in neural information processing systems},
    pages         = {950--957},
    year          = {1992}
}

@article{ref:zeiler:2012,
    title         = {ADADELTA: an adaptive learning rate method},
    author        = {Zeiler, Matthew D},
    journal       = {arXiv preprint arXiv:1212.5701},
    year          = {2012}
}

@article{ref:lv:2017,
    title         = {Learning gradient descent: Better generalization and longer horizons},
    author        = {Lv, Kaifeng and Jiang, Shunhua and Li, Jian},
    journal       = {arXiv preprint arXiv:1703.03633},
    year          = {2017}
}

@inproceedings{ref:darken:1992,
    title         = {Learning rate schedules for faster stochastic gradient search},
    author        = {Darken, Christian and Chang, Joseph and Moody, John},
    booktitle     = {Neural Networks for Signal Processing [1992] II., Proceedings of the 1992 IEEE-SP Workshop},
    pages         = {3--12},
    year          = {1992},
    organization  = {IEEE}
}

@article{ref:wan:2017,
    title         = {Quantum generalisation of feedforward neural networks},
    author        = {Wan, Kwok Ho and Dahlsten, Oscar and Kristj{\'a}nsson, Hl{\'e}r and Gardner, Robert and Kim, MS},
    journal       = {npj Quantum Information},
    volume        = {3},
    number        = {1},
    pages         = {36},
    year          = {2017},
    publisher     = {Nature Publishing Group}
}

@inproceedings{ref:engelbrecht:1995,
    title         = {Automatic scaling using gamma learning for feedforward neural networks},
    author        = {Engelbrecht, Andries Petrus and Cloete, Ian and Geldenhuys, Jaco and Zurada, Jacek M},
    booktitle     = {International Workshop on Artificial Neural Networks},
    pages         = {374--381},
    year          = {1995},
    organization  = {Springer}
}

@incollection{ref:fletcher:1994,
    title         = {Learning the activation function for the neurons in neural networks},
    author        = {Fletcher, GP and Hinde, CJ},
    booktitle     = {ICANN’94},
    pages         = {611--614},
    year          = {1994},
    publisher     = {Springer}
}

@inproceedings{ref:ricks:2004,
    title         = {Training a quantum neural network},
    author        = {Ricks, Bob and Ventura, Dan},
    booktitle     = {Advances in neural information processing systems},
    pages         = {1019--1026},
    year          = {2004}
}

@article{ref:burke:2013,
    title         = {Hyper-heuristics: A survey of the state of the art},
    author        = {Burke, Edmund K and Gendreau, Michel and Hyde, Matthew and Kendall, Graham and Ochoa, Gabriela and {\"O}zcan, Ender and Qu, Rong},
    journal       = {Journal of the Operational Research Society},
    volume        = {64},
    number        = {12},
    pages         = {1695--1724},
    year          = {2013},
    publisher     = {Taylor \& Francis}
}

@incollection{ref:burke:2010,
    title         = {A classification of hyper-heuristic approaches},
    author        = {Burke, Edmund K and Hyde, Matthew and Kendall, Graham and Ochoa, Gabriela and {\"O}zcan, Ender and Woodward, John R},
    booktitle     = {Handbook of metaheuristics},
    pages         = {449--468},
    year          = {2010},
    publisher     = {Springer}
}

@article{ref:huang:2009,
    title         = {Advances in artificial neural networks--methodological development and application},
    author        = {Huang, Yanbo},
    journal       = {Algorithms},
    volume        = {2},
    number        = {3},
    pages         = {973--1007},
    year          = {2009},
    publisher     = {Molecular Diversity Preservation International}
}

@article{ref:giraud:2004,
    title         = {Introduction to the special issue on meta-learning},
    author        = {Giraud-Carrier, Christophe and Vilalta, Ricardo and Brazdil, Pavel},
    journal       = {Machine learning},
    volume        = {54},
    number        = {3},
    pages         = {187--193},
    year          = {2004},
    publisher     = {Springer}
}

@article{ref:vanderstockt:2018,
    title         = {Analysis of selection hyper-heuristics for population-based metaheuristics in real-valued dynamic optimization},
    author        = {{van der Stockt}, Stefan AG and {Engelbrecht}, Andries P},
    journal       = {Swarm and Evolutionary Computation},
    year          = {2018},
    publisher     = {Elsevier}
}

@phdthesis{ref:grobler:2015,
    title         = {The heterogeneous meta-hyper-heuristic: from low level heuristics to low level metaheuristics},
    author        = {Grobler, Jacomine},
    school        = {University of Pretoria}
}

@inproceedings{ref:gudise:2003,
    title         = {Comparison of particle swarm optimization and backpropagation as training algorithms for neural networks},
    author        = {Gudise, Venu G and Venayagamoorthy, Ganesh K},
    booktitle     = {Proceedings of the 2003 IEEE Swarm Intelligence Symposium. SIS'03 (Cat. No. 03EX706)},
    pages         = {110--117},
    year          = {2003},
    organization  = {IEEE}
}

@article{ref:rakitianskaia:2012,
    title         = {Training feedforward neural networks with dynamic particle swarm optimisation},
    author        = {Rakitianskaia, Anastassia S and Engelbrecht, Andries P},
    journal       = {Swarm Intelligence},
    volume        = {6},
    number        = {3},
    pages         = {233--270},
    year          = {2012},
    publisher     = {Springer}
}

@inproceedings{ref:montana:1989,
    title         = {Training Feedforward Neural Networks Using Genetic Algorithms.},
    author        = {Montana, David J and Davis, Lawrence},
    booktitle     = {IJCAI},
    volume        = {89},
    pages         = {762--767},
    year          = {1989}
}

@article{ref:pillay:2015,
    title         = {Intelligent system design using hyper-heuristics},
    author        = {Pillay, Nelishia},
    journal       = {South African Computer Journal},
    volume        = {56},
    number        = {1},
    pages         = {107--119},
    year          = {2015},
    publisher     = {Sabinet}
}

@inproceedings{ref:grobler:2011,
    title         = {Investigating the impact of alternative evolutionary selection strategies on multi-method global optimization},
    author        = {Grobler, Jacomine and Engelbrecht, Andries P and Kendall, Graham and Yadavalli, VSS},
    booktitle     = {Evolutionary Computation (CEC), 2011 IEEE Congress on},
    pages         = {2337--2344},
    year          = {2011},
    organization  = {IEEE}
}

@inproceedings{ref:grobler:2012,
    title         = {Investigating the use of local search for improving meta-hyper-heuristic performance},
    author        = {Grobler, Jacomine and Engelbrecht, Andries P and Kendall, Graham and Yadavalli, VSS},
    booktitle     = {Evolutionary Computation (CEC), 2012 IEEE Congress on},
    pages         = {1--8},
    year          = {2012},
    organization  = {IEEE}
}

@article{ref:dowsland:2007,
    title         = {A simulated annealing based hyperheuristic for determining shipper sizes for storage and transportation},
    author        = {Dowsland, Kathryn A and Soubeiga, Eric and Burke, Edmund},
    journal       = {European Journal of Operational Research},
    volume        = {179},
    number        = {3},
    pages         = {759--774},
    year          = {2007},
    publisher     = {Elsevier}
}

@article{ref:pappa:2014,
    title         = {Contrasting meta-learning and hyper-heuristic research: the role of evolutionary algorithms},
    author        = {Pappa, Gisele L and Ochoa, Gabriela and Hyde, Matthew R and Freitas, Alex A and Woodward, John and Swan, Jerry},
    journal       = {Genetic Programming and Evolvable Machines},
    volume        = {15},
    number        = {1},
    pages         = {3--35},
    year          = {2014},
    publisher     = {Springer}
}

@article{ref:zhou:2002,
    title         = {Ensembling neural networks: many could be better than all},
    author        = {Zhou, Zhi-Hua and Wu, Jianxin and Tang, Wei},
    journal       = {Artificial intelligence},
    volume        = {137},
    number        = {1-2},
    pages         = {239--263},
    year          = {2002},
    publisher     = {Elsevier}
}

@article{ref:rosenblatt:1958,
    title         = {The perceptron: a probabilistic model for information storage and organization in the brain.},
    author        = {Rosenblatt, Frank},
    journal       = {Psychological review},
    volume        = {65},
    number        = {6},
    pages         = {386},
    year          = {1958},
    publisher     = {American Psychological Association}
}

@book{ref:engelbrecht:2007,
    title         = {Computational intelligence: an introduction},
    author        = {Engelbrecht, Andries P},
    year          = {2007},
    publisher     = {John Wiley \& Sons}
}

@article{ref:sandberg:2008,
    title         = {Whole brain emulation},
    author        = {Sandberg, Anders and Bostrom, Nick},
    year          = {2008},
    publisher     = {Citeseer}
}

@article{ref:khan:2001,
    title         = {Classification and diagnostic prediction of cancers using gene expression profiling and artificial neural networks},
    author        = {Khan, Javed and Wei, Jun S and Ringner, Markus and Saal, Lao H and Ladanyi, Marc and Westermann, Frank and Berthold, Frank and Schwab, Manfred and Antonescu, Cristina R and Peterson, Carsten and others},
    journal       = {Nature medicine},
    volume        = {7},
    number        = {6},
    pages         = {673},
    year          = {2001},
    publisher     = {Nature Publishing Group}
}

@inproceedings{ref:cannady:1998,
    title         = {Artificial neural networks for misuse detection},
    author        = {Cannady, James},
    booktitle     = {National information systems security conference},
    volume        = {26},
    year          = {1998},
    organization  = {Baltimore}
}

@article{ref:kumar:1994,
    title         = {A pattern matching model for misuse intrusion detection},
    author        = {Kumar, Sandeep and Spafford, Eugene H},
    year          = {1994}
}

@article{ref:dayhoff:2001,
    title         = {Artificial neural networks: opening the black box},
    author        = {Dayhoff, Judith E and DeLeo, James M},
    journal       = {Cancer: Interdisciplinary International Journal of the American Cancer Society},
    volume        = {91},
    number        = {S8},
    pages         = {1615--1635},
    year          = {2001},
    publisher     = {Wiley Online Library}
}

@article{ref:specht:1991,
    title         = {A general regression neural network},
    author        = {Specht, Donald F},
    journal       = {IEEE transactions on neural networks},
    volume        = {2},
    number        = {6},
    pages         = {568--576},
    year          = {1991},
    publisher     = {IEEE}
}

@article{ref:singh:2009,
    title         = {NEURAL NETWORKS IN DATA MINING.},
    author        = {Singh, Yashpal and Chauhan, Alok Singh},
    journal       = {Journal of Theoretical \& Applied Information Technology},
    volume        = {5},
    number        = {1},
    year          = {2009}
}

@article{ref:kennedy:2016,
    title         = {Synaptic signaling in learning and memory},
    author        = {Kennedy, Mary B},
    journal       = {Cold Spring Harbor perspectives in biology},
    volume        = {8},
    number        = {2},
    pages         = {a016824},
    year          = {2016},
    publisher     = {Cold Spring Harbor Lab}
}

@article{ref:huttenlocher:1997,
    title         = {Regional differences in synaptogenesis in human cerebral cortex},
    author        = {Huttenlocher, Peter R and Dabholkar, Arun S},
    journal       = {Journal of comparative Neurology},
    volume        = {387},
    number        = {2},
    pages         = {167--178},
    year          = {1997},
    publisher     = {Wiley Online Library}
}

@misc{ref:khanacademy:synapse,
    title         = {The Synapse},
    author        = {KhanAcademy},
    howpublished  = {\url{https://www.khanacademy.org/science/biology/human-biology/neuron-nervous-system/a/the-synapse}}
}

@article{ref:jain:1996,
    title         = {Artificial neural networks: A tutorial},
    author        = {Jain, Anil K and Mao, Jianchang and Mohiuddin, KM},
    journal       = {Computer},
    number        = {3},
    pages         = {31--44},
    year          = {1996},
    publisher     = {IEEE}
}

@inproceedings{ref:nguyen:1990,
    title         = {Improving the learning speed of 2-layer neural networks by choosing initial values of the adaptive weights},
    author        = {Nguyen, Derrick and Widrow, Bernard},
    booktitle     = {1990 IJCNN International Joint Conference on Neural Networks},
    pages         = {21--26},
    year          = {1990},
    organization  = {IEEE}
}

@article{ref:benitez:1997,
    title         = {Are artificial neural networks black boxes?},
    author        = {Ben{\'i}tez, Jos{\'e} Manuel and Castro, Juan Luis and Requena, Ignacio},
    journal       = {IEEE Transactions on neural networks},
    volume        = {8},
    number        = {5},
    pages         = {1156--1164},
    year          = {1997},
    publisher     = {IEEE}
}

@article{ref:agarap:2018,
    title         = {Deep learning using rectified linear units (relu)},
    author        = {Agarap, Abien Fred},
    journal       = {arXiv preprint arXiv:1803.08375},
    year          = {2018}
}

@article{ref:hornik:1989,
    title         = {Multilayer feedforward networks are universal approximators},
    author        = {Hornik, Kurt and Stinchcombe, Maxwell and White, Halbert},
    journal       = {Neural networks},
    volume        = {2},
    number        = {5},
    pages         = {359--366},
    year          = {1989},
    publisher     = {Elsevier}
}

@book{ref:zell:1994,
    title         = {Simulation neuronaler netze},
    author        = {Zell, Andreas},
    volume        = {1},
    number        = {5.3},
    year          = {1994},
    publisher     = {Addison-Wesley Bonn}
}

@article{ref:schmidhuber:2015,
    title         = {Deep learning in neural networks: An overview},
    author        = {Schmidhuber, J{\"u}rgen},
    journal       = {Neural networks},
    volume        = {61},
    pages         = {85--117},
    year          = {2015},
    publisher     = {Elsevier}
}

@book{ref:james:2013,
    title         = {An introduction to statistical learning},
    author        = {James, Gareth and Witten, Daniela and Hastie, Trevor and Tibshirani, Robert},
    volume        = {112},
    year          = {2013},
    publisher     = {Springer}
}

@article{ref:brownlee:2017,
    title         = {What is the Difference Between Test and Validation Datasets},
    author        = {Brownlee, Jason},
    journal       = {Machine Learning Process},
    year          = {2017},
    howpublished  = {\url{https://machinelearningmastery.com/difference-testvalidation-datasets}}
}

@article{ref:brownlee:2016,
    title         = {Supervised and unsupervised machine learning algorithms},
    author        = {Brownlee, Jason},
    journal       = {Machine Learning Mastery},
    volume        = {16},
    number        = {03},
    year          = {2016},
    howpublished  = {\url{https://machinelearningmastery.com/supervised-and-unsupervised-machine-learning-algorithms/}}
}

@book{ref:geron:2017,
    title         = {Hands-on machine learning with Scikit-Learn and TensorFlow: concepts, tools, and techniques to build intelligent systems},
    author        = {G{\'e}ron, Aur{\'e}lien},
    year          = {2017},
    publisher     = {" O'Reilly Media, Inc."}
}

@article{ref:kuzniar:2017,
    title         = {Some methods of pre-processing input data for neural networks},
    author        = {Kuzniar, Krystyna and Zajac, Maciej},
    journal       = {Computer Assisted Methods in Engineering and Science},
    volume        = {22},
    number        = {2},
    pages         = {141--151},
    year          = {2017}
}

@book{ref:harris:2010,
    title         = {Digital design and computer architecture},
    author        = {Harris, David and Harris, Sarah},
    year          = {2010},
    publisher     = {Morgan Kaufmann}
}

@inproceedings{ref:fernandez:2001,
    title         = {Weight initialization methods for multilayer feedforward.},
    author        = {Fern{\'a}ndez-Redondo, Mercedes and Hern{\'a}ndez-Espinosa, Carlos},
    booktitle     = {ESANN},
    pages         = {119--124},
    year          = {2001}
}

@book{ref:goodfellow:2016,
    title         = {Deep learning},
    author        = {Goodfellow, Ian and Bengio, Yoshua and Courville, Aaron},
    year          = {2016},
    publisher     = {MIT press}
}

@book{ref:bishop:2006,
    title         = {Pattern recognition and machine learning},
    author        = {Bishop, Christopher M},
    year          = {2006},
    publisher     = {springer}
}

@inproceedings{ref:francis:2001,
    title         = {Neural networks demystified},
    author        = {Francis, Louise},
    booktitle     = {Casualty Actuarial Society Forum},
    pages         = {253--320},
    year          = {2001}
}

@misc{ref:srinidhi:2018,
    author        = {Sunny Srinidhi},
    title         = {Label Encoder vs. One Hot Encoder in Machine Learning},
    type          = {Blog},
    number        = {July 29},
    year          = {2018},
    howpublished  = {\url{https://medium.com/@contactsunny/label-encoder-vs-one-hot-encoder-in-machine-learning-3fc273365621}}
}

@misc{ref:brownlee:2017:one-hot,
    author        = {Jason Brownlee},
    title         = {How to One Hot Encode Sequence Data in Python},
    type          = {Blog},
    number        = {July 12},
    year          = {2017},
    howpublished  = {\url{https://machinelearningmastery.com/how-to-one-hot-encode-sequence-data-in-python/}}
}

@inproceedings{ref:thierens:1993,
    title         = {Genetic weight optimization of a feedforward neural network controller},
    author        = {Thierens, Dirk and Suykens, Johan and Vandewalle, Joos and De Moor, Bart},
    booktitle     = {Artificial Neural Nets and Genetic Algorithms},
    pages         = {658--663},
    year          = {1993},
    organization  = {Springer}
}

@inproceedings{ref:de:2016,
    title         = {An overview on weight initialization methods for feedforward neural networks},
    author        = {de Sousa, Celso AR},
    booktitle     = {2016 International Joint Conference on Neural Networks (IJCNN)},
    pages         = {52--59},
    year          = {2016},
    organization  = {IEEE}
}

@inproceedings{ref:erdogmus:2003,
    title         = {Accurate initialization of neural network weights by backpropagation of the desired response},
    author        = {Erdogmus, Deniz and Fontenla-Romero, Oscar and Principe, Jose C and Alonso-Betanzos, Amparo and Castillo, Enrique and Jenssen, Robert},
    booktitle     = {Proceedings of the International Joint Conference on Neural Networks, 2003.},
    volume        = {3},
    pages         = {2005--2010},
    year          = {2003},
    organization  = {IEEE}
}

@article{ref:yam:2000,
    title         = {A weight initialization method for improving training speed in feedforward neural network},
    author        = {Yam, Jim YF and Chow, Tommy WS},
    journal       = {Neurocomputing},
    volume        = {30},
    number        = {1-4},
    pages         = {219--232},
    year          = {2000},
    publisher     = {Elsevier}
}

@misc{ref:yadav:2018,
    author        = {Saurabh Yadav},
    title         = {Weight Initialization Techniques in Neural Networks},
    type          = {Blog},
    number        = {November 9},
    year          = {2018},
    howpublished  = {\url{https://towardsdatascience.com/weight-initialization-techniques-in-neural-networks-26c649eb3b78}}
}

@article{ref:ziv:1994,
    title         = {Simulator for neural networks and action potentials: description and application},
    author        = {Ziv, Israel and Baxter, Douglas A and Byrne, John H},
    journal       = {Journal of neurophysiology},
    volume        = {71},
    number        = {1},
    pages         = {294--308},
    year          = {1994},
    publisher     = {[Bethesda, MD, etc.] American Physiological Society [etc.]}
}

@article{ref:hodgkin:1952,
    title         = {A quantitative description of membrane current and its application to conduction and excitation in nerve},
    author        = {Hodgkin, Alan L and Huxley, Andrew F},
    journal       = {The Journal of physiology},
    volume        = {117},
    number        = {4},
    pages         = {500--544},
    year          = {1952},
    publisher     = {Wiley Online Library}
}

@article{ref:karlik:2011,
    title         = {Performance analysis of various activation functions in generalized MLP architectures of neural networks},
    author        = {Karlik, Bekir and Olgac, A Vehbi},
    journal       = {International Journal of Artificial Intelligence and Expert Systems},
    volume        = {1},
    number        = {4},
    pages         = {111--122},
    year          = {2011}
}

@article{ref:xu:2015,
    title         = {Empirical evaluation of rectified activations in convolutional network},
    author        = {Xu, Bing and Wang, Naiyan and Chen, Tianqi and Li, Mu},
    journal       = {arXiv preprint arXiv:1505.00853},
    year          = {2015}
}

@misc{ref:maksutov:2018,
    author        = {Rinat Maksutov},
    title         = {Deep study of a not very deep neural network. Part 2: Activation functions},
    type          = {Blog},
    number        = {March 1},
    year          = {2018},
    howpublished  = {\url{https://towardsdatascience.com/deep-study-of-a-not-very-deep-neural-network-part-2-activation-functions-fd9bd8d406fc}}
}

@incollection{ref:bengio:2012,
    title         = {Practical recommendations for gradient-based training of deep architectures},
    author        = {Bengio, Yoshua},
    booktitle     = {Neural networks: Tricks of the trade},
    pages         = {437--478},
    year          = {2012},
    publisher     = {Springer}
}

@article{ref:cybenko:1989,
    title         = {Approximation by superpositions of a sigmoidal function},
    author        = {Cybenko, George},
    journal       = {Mathematics of control, signals and systems},
    volume        = {2},
    number        = {4},
    pages         = {303--314},
    year          = {1989},
    publisher     = {Springer}
}

@book{ref:lack:1983,
    title         = {Darwin's Finches},
    author        = {Lack, D. and Ratcliffe, L.M. and Boag, P.T.},
    isbn          = {9780521272421},
    lccn          = {lc82019856},
    series        = {Cambridge Science Classics},
    year          = {1983},
    publisher     = {Cambridge University Press}
}

@book{ref:spencer:1864,
    title         = {The Principles of Biology},
    author        = {Spencer, H.},
    number        = {v. 1},
    lccn          = {06009251},
    series        = {A system of synthetic philosophy. vol. II-[III]},
    year          = {1864},
    publisher     = {William and Norgate}
}

@MastersThesis{ref:oldewage:2017,
    author        = {Elre Talea Oldewage},
    title         = {The Perils of Particle Swarm Optimization in High Dimensional Problem Spaces},
    school        = {Department of Computer Science, School of Information Technology, EBIT Faculty, University of Pretoria},
    address       = {South Africa},
    year          = {2003},
}
