@preamble{"\newcommand{\noopsort}[1]{} " #
    "\newcommand{\singleletter}[1]{#1} "}

@mastersthesis{ref:schreuder:2022,
  author = {Schreuder, A.N.},
  title  = {Training Feedforward Neural Networks with Bayesian Hyper-Heuristics},
  school = {University of Pretoria, Department of Computer Science, Pretoria, South Africa},
  year   = {2022},
  type   = {Master's Dissertation}
}

@article{ref:schreuder:2023:1,
  author  = {Schreuder, A.N. and Engelbrecht, A.P. and Bosman, A.S. and Cleghorn, C.W.},
  title   = {Bayesian Hyper-Heuristics},
  journal = {Information Sciences},
  volume  = {620},
  pages   = {1},
  year    = {2023}
}

@article{ref:schreuder:2023:2,
  author  = {Schreuder, A.N. and Engelbrecht, A.P. and Bosman, A.S. and Cleghorn, C.W.},
  title   = {Bayesian Hyper-Heuristics vs. Low-Level Heuristics For Feedforward Neural Network Training},
  journal = {Information Sciences},
  volume  = {620},
  pages   = {1},
  year    = {2023}
}

@article{ref:schreuder:2023:3,
  author  = {Schreuder, A.N. and Engelbrecht, A.P. and Bosman, A.S. and Cleghorn, C.W.},
  title   = {The Effects of Hyper-Parameters on Bayesian Hyper-Heuristics},
  journal = {Information Sciences},
  volume  = {620},
  pages   = {1},
  year    = {2023}
}

@article{ref:fisher:1921,
  title  = {014: On the" Probable Error" of a Coefficient of Correlation Deduced from a Small Sample.},
  author = {Fisher, Ronald Aylmer and others},
  year   = {1921}
}

@article{ref:kruskal:1952,
  title     = {Use of ranks in one-criterion variance analysis},
  author    = {Kruskal, William H and Wallis, W Allen},
  journal   = {Journal of the American statistical Association},
  volume    = {47},
  number    = {260},
  pages     = {583--621},
  year      = {1952},
  publisher = {Taylor \& Francis}
}

@article{ref:tukey:1949,
  title     = {Comparing individual means in the analysis of variance},
  author    = {Tukey, John W},
  journal   = {Biometrics},
  pages     = {99--114},
  year      = {1949},
  publisher = {JSTOR}
}

@article{ref:mann:1947,
  title     = {On a test of whether one of two random variables is stochastically larger than the other},
  author    = {Mann, Henry B and Whitney, Donald R},
  journal   = {The annals of mathematical statistics},
  pages     = {50--60},
  year      = {1947},
  publisher = {JSTOR}
}

@article{ref:shapiro:1965,
  title     = {An analysis of variance test for normality (complete samples)},
  author    = {Shapiro, Samuel Sanford and Wilk, Martin B},
  journal   = {Biometrika},
  volume    = {52},
  number    = {3/4},
  pages     = {591--611},
  year      = {1965},
  publisher = {JSTOR}
}

@article{ref:levene:1961,
  title     = {Robust tests for equality of variances},
  author    = {Levene, Howard},
  journal   = {Contributions to probability and statistics. Essays in honor of Harold Hotelling},
  pages     = {279--292},
  year      = {1961},
  publisher = {Stanford University Press}
}

@article{ref:gortler:2019,
  title   = {A visual exploration of Gaussian processes},
  author  = {G{\"o}rtler, Jochen and Kehlbeck, Rebecca and Deussen, Oliver},
  journal = {Distill},
  volume  = {4},
  number  = {4},
  pages   = {e17},
  year    = {2019}
}

@article{ref:rabiner:1986,
  title     = {An introduction to hidden Markov models},
  author    = {Rabiner, Lawrence and Juang, Biinghwang},
  journal   = {ieee assp magazine},
  volume    = {3},
  number    = {1},
  pages     = {4--16},
  year      = {1986},
  publisher = {IEEE}
}

@article{ref:fisher:1937,
  title     = {The design of experiments.},
  author    = {Fisher, Ronald Aylmer and others},
  journal   = {The design of experiments.},
  number    = {2nd Ed},
  year      = {1937},
  publisher = {Oliver \& Boyd, Edinburgh \& London.}
}

@incollection{ref:thrun:1998,
  title     = {Learning to learn: Introduction and overview},
  author    = {Thrun, Sebastian and Pratt, Lorien},
  booktitle = {Learning to learn},
  pages     = {3--17},
  year      = {1998},
  publisher = {Springer}
}

@article{ref:allen:1974,
  title     = {The relationship between variable selection and data agumentation and a method for prediction},
  author    = {Allen, David M},
  journal   = {technometrics},
  volume    = {16},
  number    = {1},
  pages     = {125--127},
  year      = {1974},
  publisher = {Taylor \& Francis}
}

@inproceedings{ref:bengio:2013,
  title        = {Advances in optimizing recurrent networks},
  author       = {Bengio, Yoshua and Boulanger-Lewandowski, Nicolas and Pascanu, Razvan},
  booktitle    = {2013 IEEE international conference on acoustics, speech and signal processing},
  pages        = {8624--8628},
  year         = {2013},
  organization = {IEEE}
}

@book{ref:wackerly:2014,
  title     = {Mathematical statistics with applications},
  author    = {Wackerly, Dennis and Mendenhall, William and Scheaffer, Richard L},
  year      = {2014},
  publisher = {Cengage Learning}
}

@inproceedings{ref:neal:1993,
  title     = {Bayesian learning via stochastic dynamics},
  author    = {Neal, Radford M},
  booktitle = {Advances in neural information processing systems},
  pages     = {475--482},
  year      = {1993}
}

@inproceedings{ref:denker:1991,
  title     = {Transforming neural-net output levels to probability distributions},
  author    = {Denker, John S and LeCun, Yann},
  booktitle = {Advances in neural information processing systems},
  pages     = {853--859},
  year      = {1991}
}

@article{ref:tetko:1995,
  title     = {Neural network studies. 1. Comparison of overfitting and overtraining},
  author    = {Tetko, Igor V and Livingstone, David J and Luik, Alexander I},
  journal   = {Journal of chemical information and computer sciences},
  volume    = {35},
  number    = {5},
  pages     = {826--833},
  year      = {1995},
  publisher = {ACS Publications}
}

@inbook{ref:miikkulainen:2010,
  author    = {Miikkulainen, Risto},
  editor    = {Sammut, Claude
               and Webb, Geoffrey I.},
  title     = {Topology of a Neural Network},
  booktitle = {Encyclopedia of Machine Learning},
  year      = {2010},
  publisher = {Springer US},
  address   = {Boston, MA},
  pages     = {988--989},
  isbn      = {978-0-387-30164-8}
}

@inproceedings{ref:lin:2008,
  title        = {A digital circuit design of hyperbolic tangent sigmoid function for neural networks},
  author       = {Lin, Che-Wei and Wang, Jeen-Shing},
  booktitle    = {2008 IEEE International Symposium on Circuits and Systems},
  pages        = {856--859},
  year         = {2008},
  organization = {IEEE}
}

@inproceedings{ref:lecun:1988,
  title        = {A theoretical framework for back-propagation},
  author       = {LeCun, Yann and Touresky, D and Hinton, G and Sejnowski, T},
  booktitle    = {Proceedings of the 1988 connectionist models summer school},
  volume       = {1},
  pages        = {21--28},
  year         = {1988},
  organization = {CMU, Pittsburgh, Pa: Morgan Kaufmann}
}

@inproceedings{ref:maas:2013,
  title     = {Rectifier nonlinearities improve neural network acoustic models},
  author    = {Maas, Andrew L and Hannun, Awni Y and Ng, Andrew Y},
  booktitle = {Proc. icml},
  volume    = {30},
  number    = {1},
  pages     = {3},
  year      = {2013}
}

@inproceedings{ref:jarrett:2009,
  title        = {What is the best multi-stage architecture for object recognition?},
  author       = {Jarrett, Kevin and Kavukcuoglu, Koray and Ranzato, Marc'Aurelio and LeCun, Yann},
  booktitle    = {2009 IEEE 12th international conference on computer vision},
  pages        = {2146--2153},
  year         = {2009},
  organization = {IEEE}
}

@inproceedings{ref:nair:2010,
  title     = {Rectified linear units improve restricted boltzmann machines},
  author    = {Nair, Vinod and Hinton, Geoffrey E},
  booktitle = {ICML},
  year      = {2010}
}

@inproceedings{ref:hanin:2018,
  title     = {Which neural net architectures give rise to exploding and vanishing gradients?},
  author    = {Hanin, Boris},
  booktitle = {Advances in Neural Information Processing Systems},
  pages     = {582--591},
  year      = {2018}
}

@inproceedings{ref:thimm:1995,
  title        = {Neural network initialization},
  author       = {Thimm, Georg and Fiesler, Emile},
  booktitle    = {International Workshop on Artificial Neural Networks},
  pages        = {535--542},
  year         = {1995},
  organization = {Springer}
}

@article{ref:patro:2015,
  title   = {Normalization: A preprocessing stage},
  author  = {Patro, S and Sahu, Kishore Kumar},
  journal = {arXiv preprint arXiv:1503.06462},
  year    = {2015}
}

@article{ref:jain:2005,
  title     = {Score normalization in multimodal biometric systems},
  author    = {Jain, Anil and Nandakumar, Karthik and Ross, Arun},
  journal   = {Pattern recognition},
  volume    = {38},
  number    = {12},
  pages     = {2270--2285},
  year      = {2005},
  publisher = {Elsevier}
}

@article{ref:al:2006,
  title   = {Data mining: A preprocessing engine},
  author  = {Al Shalabi, Luai and Shaaban, Zyad and Kasasbeh, Basel},
  journal = {Journal of Computer Science},
  volume  = {2},
  number  = {9},
  pages   = {735--739},
  year    = {2006}
}

@article{ref:drake:2020,
  title     = {Recent advances in selection hyper-heuristics},
  author    = {Drake, John H and Kheiri, Ahmed and {\"O}zcan, Ender and Burke, Edmund K},
  journal   = {European Journal of Operational Research},
  volume    = {285},
  number    = {2},
  pages     = {405--428},
  year      = {2020},
  publisher = {Elsevier}
}

@inproceedings{ref:allen:1996,
  title        = {Selecting the right heuristic algorithm: Runtime performance predictors},
  author       = {Allen, John A and Minton, Steven},
  booktitle    = {Conference of the Canadian Society for Computational Studies of Intelligence},
  pages        = {41--53},
  year         = {1996},
  organization = {Springer}
}

@article{ref:hospedales:2020,
  title   = {Meta-learning in neural networks: A survey},
  author  = {Hospedales, Timothy and Antoniou, Antreas and Micaelli, Paul and Storkey, Amos},
  journal = {arXiv preprint arXiv:2004.05439},
  year    = {2020}
}

@article{ref:vilalta:2002,
  title     = {A perspective view and survey of meta-learning},
  author    = {Vilalta, Ricardo and Drissi, Youssef},
  journal   = {Artificial intelligence review},
  volume    = {18},
  number    = {2},
  pages     = {77--95},
  year      = {2002},
  publisher = {Springer}
}

@inproceedings{ref:nepomuceno:2013,
  title        = {A self-adaptive heterogeneous pso for real-parameter optimization},
  author       = {Nepomuceno, Filipe V and Engelbrecht, Andries P},
  booktitle    = {2013 IEEE congress on evolutionary computation},
  pages        = {361--368},
  year         = {2013},
  organization = {IEEE}
}

    % USED
@article{ref:silver:2016,
  author        = {David Silver and Aja Huang and Christopher J. Maddison and Arthur Guez and Laurent Sifre and George van den Driessche and Julian Schrittwieser and Ioannis Antonoglou and Veda Panneershelvam and Marc Lanctot and Sander Dieleman and Dominik Grewe and John Nham and Nal Kalchbrenner and Ilya Sutskever and Timothy Lillicrap and Madeleine Leach and Koray Kavukcuoglu and Thore Graepel and Demis Hassabis},
  date-modified = {2019-02-04 17:04:10 +0200},
  journal       = {Nature},
  keywords      = {Deep Neural Networks, AlphaGo, Google},
  pages         = {484--503},
  title         = {Mastering the game of Go with deep neural networks and tree search},
  url           = {http://www.nature.com/nature/journal/v529/n7587/full/nature16961.html},
  volume        = {529},
  year          = {2016},
  bdsk-url-1    = {http://www.nature.com/nature/journal/v529/n7587/full/nature16961.html}
}

    % USED
@article{ref:silver:2017,
  added-at    = {2017-12-15T02:14:58.000+0100},
  author      = {Silver, David and Schrittwieser, Julian and Simonyan, Karen and Antonoglou, Ioannis and Huang, Aja and Guez, Arthur and Hubert, Thomas and Baker, Lucas and Lai, Matthew and Bolton, Adrian and Chen, Yutian and Lillicrap, Timothy and Hui, Fan and Sifre, Laurent and van den Driessche, George and Graepel, Thore and Hassabis, Demis},
  biburl      = {https://www.bibsonomy.org/bibtex/2ecdfbfcceb55ee5f14c1c375ad71f2cb/achakraborty},
  description = {Mastering the game of Go without human knowledge | Nature},
  interhash   = {c45d318e105d0f2d62ccc28c2699d9d4},
  intrahash   = {ecdfbfcceb55ee5f14c1c375ad71f2cb},
  journal     = {Nature},
  keywords    = {2017 deep-learning deepmind google paper reinforcement-learning},
  month       = oct,
  pages       = {354--},
  publisher   = {Macmillan Publishers Limited, part of Springer Nature. All rights reserved.},
  timestamp   = {2017-12-15T02:14:58.000+0100},
  title       = {Mastering the game of Go without human knowledge},
  url         = {http://dx.doi.org/10.1038/nature24270},
  volume      = 550,
  year        = 2017,
  bdsk-url-1  = {http://dx.doi.org/10.1038/nature24270}
}

    % USED
@misc{ref:zoph:2017,
  author       = {Barret Zoph, Vijay Vasudevan, Jonathon Shlens and Quoc Le},
  title        = {AutoML for large scale image classification and object detection},
  type         = {Blog},
  number       = {November 2},
  year         = {2017},
  howpublished = {\url{https://ai.googleblog.com/2017/11/automl-for-large-scale-image.html}}
}

    % USED
@article{ref:lecun:2015,
  title     = {Deep learning},
  author    = {LeCun, Yann and Bengio, Yoshua and Hinton, Geoffrey},
  journal   = {nature},
  volume    = {521},
  number    = {7553},
  pages     = {436},
  year      = {2015},
  publisher = {Nature Publishing Group}
}

    % USED
@inproceedings{ref:glorot:2010,
  title     = {Understanding the difficulty of training deep feedforward neural networks},
  author    = {Glorot, Xavier and Bengio, Yoshua},
  booktitle = {Proceedings of the thirteenth international conference on artificial intelligence and statistics},
  pages     = {249--256},
  year      = {2010}
}

    % USED
@inproceedings{ref:goodfellow:2014,
  title     = {Generative adversarial nets},
  author    = {Goodfellow, Ian and Pouget-Abadie, Jean and Mirza, Mehdi and Xu, Bing and Warde-Farley, David and Ozair, Sherjil and Courville, Aaron and Bengio, Yoshua},
  booktitle = {Advances in neural information processing systems},
  pages     = {2672--2680},
  year      = {2014}
}

    % USED
@misc{ref:quoc:2017,
  author       = {Quoc V. Le, Mike Schuster},
  title        = {A Neural Network for Machine Translation, at Production Scale},
  type         = {Blog},
  number       = {September 27},
  year         = {2016},
  howpublished = {\url{https://ai.googleblog.com/2016/09/a-neural-network-for-machine.html}}
}

    % USED
@article{ref:lewis:2017,
  title   = {Deal or no deal? end-to-end learning for negotiation dialogues},
  author  = {Lewis, Mike and Yarats, Denis and Dauphin, Yann N and Parikh, Devi and Batra, Dhruv},
  journal = {arXiv preprint arXiv:1706.05125},
  year    = {2017}
}

@misc{ref:san-hun:2016,
  author       = {Choe Sang-Hun},
  title        = {Google\'s Computer Program Beats Lee Se-dol in Go Tournament},
  type         = {Blog},
  number       = {March 15},
  year         = {2016},
  howpublished = {\url{https://www.nytimes.com/2016/03/16/world/asia/korea-alphago-vs-lee-sedol-go.html}}
}

@book{ref:keene:1996,
  title     = {Man v Machine: The ACM Chess Challenge: Garry Kasparov v IBM's Deep Blue},
  author    = {Keene, Raymond Dennis and Jacobs, Byron A and Buzan, Tony},
  year      = {1996},
  publisher = {BB Enterprises}
}

@article{ref:kelley:2010,
  title     = {Deep Blue cannot play checkers: The need for generalized intelligence for mobile robots},
  author    = {Kelley, Troy D and Long, Lyle N},
  journal   = {Journal of Robotics},
  volume    = {2010},
  year      = {2010},
  publisher = {Hindawi}
}

@article{ref:mnih:2013,
  title   = {Playing atari with deep reinforcement learning},
  author  = {Mnih, Volodymyr and Kavukcuoglu, Koray and Silver, David and Graves, Alex and Antonoglou, Ioannis and Wierstra, Daan and Riedmiller, Martin},
  journal = {arXiv preprint arXiv:1312.5602},
  year    = {2013}
}

@book{ref:reed:1999,
  title     = {Neural Smithing: Supervised Learning in Feedforward Artificial Neural Networks},
  author    = {Reed, R. and MarksII, R.J.},
  isbn      = {9780262181907},
  lccn      = {98013416},
  series    = {A Bradford Book},
  year      = {1999},
  publisher = {MIT Press}
}

@book{ref:pearl:1984,
  title     = {Heuristics: Intelligent Search Strategies for Computer Problem Solving},
  author    = {Pearl, J.},
  isbn      = {9780201055948},
  lccn      = {lc83012217},
  series    = {The Addison-Wesley Series in Artificial Intelligence},
  year      = {1984},
  publisher = {Addison-Wesley}
}

@book{ref:pillay:2018,
  title     = {Hyper-Heuristics: Theory and Applications},
  author    = {Pillay, N. and Qu, R.},
  isbn      = {978331996\-5147},
  series    = {Natural Computing Series},
  year      = {2018},
  publisher = {Springer International Publishing}
}

@article{ref:vadera:1995,
  title     = {Review of heuristics for generalisation},
  author    = {Vadera, Sunil},
  journal   = {Software Engineering Journal},
  volume    = {10},
  number    = {4},
  pages     = {118--124},
  year      = {1995},
  publisher = {IET}
}

@article{ref:wolpert:1997,
  title     = {No free lunch theorems for optimization},
  author    = {Wolpert, David H and Macready, William G},
  journal   = {IEEE transactions on evolutionary computation},
  volume    = {1},
  number    = {1},
  pages     = {67--82},
  year      = {1997},
  publisher = {IEEE}
}

@article{ref:engelbrecht:2001,
  title     = {Sensitivity analysis for selective learning by feedforward neural networks},
  author    = {Engelbrecht, Andries Petrus},
  journal   = {Fundamenta Informaticae},
  volume    = {46},
  number    = {3},
  pages     = {219--252},
  year      = {2001},
  publisher = {IOS Press}
}

@article{ref:denoeux:1993,
  title   = {Initializing back propagation networks with prototypes},
  author  = {Denoeux, Thierry and Lengell{\'e}, R{\'e}gis},
  journal = {Neural Networks},
  volume  = {6},
  number  = {3},
  pages   = {351--363},
  year    = {1993}
}

@article{ref:wessels:1992,
  title     = {Avoiding false local minima by proper initialization of connections},
  author    = {Wessels, Lodewyk FA and Barnard, Etienne},
  journal   = {IEEE Transactions on Neural Networks},
  volume    = {3},
  number    = {6},
  pages     = {899--905},
  year      = {1992},
  publisher = {IEEE}
}

@article{ref:magoulas:1997,
  title     = {Effective backpropagation training with variable stepsize},
  author    = {Magoulas, George D and Vrahatis, Michael N and Androulakis, George S},
  journal   = {Neural networks},
  volume    = {10},
  number    = {1},
  pages     = {69--82},
  year      = {1997},
  publisher = {Elsevier}
}

@article{ref:salomon:1996,
  title     = {Accelerating backpropagation through dynamic self-adaptation},
  author    = {Salomon, Ralf and Van Hemmen, J Leo},
  journal   = {Neural Networks},
  volume    = {9},
  number    = {4},
  pages     = {589--601},
  year      = {1996},
  publisher = {Citeseer}
}

@article{ref:weir:1991,
  title     = {A method for self-determination of adaptive learning rates in back propagation},
  author    = {Weir, Michael K},
  journal   = {Neural Networks},
  volume    = {4},
  number    = {3},
  pages     = {371--379},
  year      = {1991},
  publisher = {Elsevier}
}

@article{ref:yu:1997,
  title     = {Efficient backpropagation learning using optimal learning rate and momentum},
  author    = {Yu, Xiao-Hu and Chen, Guo-An},
  journal   = {Neural Networks},
  volume    = {10},
  number    = {3},
  pages     = {517--527},
  year      = {1997},
  publisher = {Elsevier}
}

@article{ref:cibas:1996,
  title     = {Variable selection with neural networks},
  author    = {Cibas, Tautvydas and Souli{\'e}, F Fogelman and Gallinari, Patrick and Raudys, Sarunas},
  journal   = {Neurocomputing},
  volume    = {12},
  number    = {2-3},
  pages     = {223--248},
  year      = {1996},
  publisher = {Citeseer}
}

@inproceedings{ref:engelbrecht:1996,
  title        = {A sensitivity analysis algorithm for pruning feedforward neural networks},
  author       = {Engelbrecht, Andries P and Cloete, Ian},
  booktitle    = {Neural Networks, 1996., IEEE International Conference on},
  volume       = {2},
  pages        = {1274--1278},
  year         = {1996},
  organization = {IEEE}
}

@inproceedings{ref:fletcher:1998,
  title        = {Optimizing the number of hidden nodes of a feedforward artificial neural network},
  author       = {Fletcher, L and Katkovnik, V and Steffens, FE and Engelbrecht, AP},
  booktitle    = {Neural Networks Proceedings, 1998. IEEE World Congress on Computational Intelligence. The 1998 IEEE International Joint Conference on},
  volume       = {2},
  pages        = {1608--1612},
  year         = {1998},
  organization = {IEEE}
}

@inproceedings{ref:hassibi:1994,
  title     = {Optimal brain surgeon: Extensions and performance comparisons},
  author    = {Hassibi, Babak and Stork, David G and Wolff, Gregory},
  booktitle = {Advances in neural information processing systems},
  pages     = {263--270},
  year      = {1994}
}

@inproceedings{ref:lecun:1990,
  title     = {Optimal brain damage},
  author    = {LeCun, Yann and Denker, John S and Solla, Sara A},
  booktitle = {Advances in neural information processing systems},
  pages     = {598--605},
  year      = {1990}
}

@article{ref:zurada:1997,
  title     = {Perturbation method for deleting redundant inputs of perceptron networks},
  author    = {Zurada, Jacek M and Malinowski, Aleksander and Usui, Shiro},
  journal   = {Neurocomputing},
  volume    = {14},
  number    = {2},
  pages     = {177--193},
  year      = {1997},
  publisher = {Elsevier}
}

@article{ref:hirose:1991,
  title     = {Back-propagation algorithm which varies the number of hidden units},
  author    = {Hirose, Yoshio and Yamashita, Koichi and Hijiya, Shimpei},
  journal   = {Neural Networks},
  volume    = {4},
  number    = {1},
  pages     = {61--66},
  year      = {1991},
  publisher = {Elsevier}
}

@techreport{ref:kwok:1995,
  title  = {Constructive feedforward neural networks for regression problems: A survey},
  author = {Kwok, Tin-Yau and Yeung, Dit Yan},
  year   = {1995}
}

@article{ref:lim:1993,
  title     = {Dynamic creation of hidden units with selective pruning in backpropagation},
  author    = {Lim, Siew Foong and Ho, Seng-Beng},
  year      = {1993},
  publisher = {TRD4/93}
}

@article{ref:srivastava:2014,
  title     = {Dropout: a simple way to prevent neural networks from overfitting},
  author    = {Srivastava, Nitish and Hinton, Geoffrey and Krizhevsky, Alex and Sutskever, Ilya and Salakhutdinov, Ruslan},
  journal   = {The Journal of Machine Learning Research},
  volume    = {15},
  number    = {1},
  pages     = {1929--1958},
  year      = {2014},
  publisher = {JMLR. org}
}

@inproceedings{ref:krogh:1992,
  title     = {A simple weight decay can improve generalization},
  author    = {Krogh, Anders and Hertz, John A},
  booktitle = {Advances in neural information processing systems},
  pages     = {950--957},
  year      = {1992}
}

@article{ref:zeiler:2012,
  title   = {ADADELTA: an adaptive learning rate method},
  author  = {Zeiler, Matthew D},
  journal = {arXiv preprint arXiv:1212.5701},
  year    = {2012}
}

@article{ref:lv:2017,
  title   = {Learning gradient descent: Better generalization and longer horizons},
  author  = {Lv, Kaifeng and Jiang, Shunhua and Li, Jian},
  journal = {arXiv preprint arXiv:1703.03633},
  year    = {2017}
}

@inproceedings{ref:darken:1992,
  title        = {Learning rate schedules for faster stochastic gradient search},
  author       = {Darken, Christian and Chang, Joseph and Moody, John},
  booktitle    = {Neural Networks for Signal Processing [1992] II., Proceedings of the 1992 IEEE-SP Workshop},
  pages        = {3--12},
  year         = {1992},
  organization = {IEEE}
}

@article{ref:wan:2017,
  title     = {Quantum generalisation of feedforward neural networks},
  author    = {Wan, Kwok Ho and Dahlsten, Oscar and Kristj{\'a}nsson, Hl{\'e}r and Gardner, Robert and Kim, MS},
  journal   = {npj Quantum Information},
  volume    = {3},
  number    = {1},
  pages     = {36},
  year      = {2017},
  publisher = {Nature Publishing Group}
}

@inproceedings{ref:engelbrecht:1995,
  title        = {Automatic scaling using gamma learning for feedforward neural networks},
  author       = {Engelbrecht, Andries Petrus and Cloete, Ian and Geldenhuys, Jaco and Zurada, Jacek M},
  booktitle    = {International Workshop on Artificial Neural Networks},
  pages        = {374--381},
  year         = {1995},
  organization = {Springer}
}

@incollection{ref:fletcher:1994,
  title     = {Learning the activation function for the neurons in neural networks},
  author    = {Fletcher, GP and Hinde, CJ},
  booktitle = {ICANN\'94},
  pages     = {611--614},
  year      = {1994},
  publisher = {Springer}
}

@inproceedings{ref:ricks:2004,
  title     = {Training a quantum neural network},
  author    = {Ricks, Bob and Ventura, Dan},
  booktitle = {Advances in neural information processing systems},
  pages     = {1019--1026},
  year      = {2004}
}

@article{ref:burke:2013,
  title     = {Hyper-heuristics: A survey of the state of the art},
  author    = {Burke, Edmund K and Gendreau, Michel and Hyde, Matthew and Kendall, Graham and Ochoa, Gabriela and {\"O}zcan, Ender and Qu, Rong},
  journal   = {Journal of the Operational Research Society},
  volume    = {64},
  number    = {12},
  pages     = {1695--1724},
  year      = {2013},
  publisher = {Taylor \& Francis}
}

@incollection{ref:burke:2010,
  title     = {A classification of hyper-heuristic approaches},
  author    = {Burke, Edmund K and Hyde, Matthew and Kendall, Graham and Ochoa, Gabriela and {\"O}zcan, Ender and Woodward, John R},
  booktitle = {Handbook of metaheuristics},
  pages     = {449--468},
  year      = {2010},
  publisher = {Springer}
}

@article{ref:huang:2009,
  title     = {Advances in artificial neural networks--methodological development and application},
  author    = {Huang, Yanbo},
  journal   = {Algorithms},
  volume    = {2},
  number    = {3},
  pages     = {973--1007},
  year      = {2009},
  publisher = {Molecular Diversity Preservation International}
}

@article{ref:giraud:2004,
  title     = {Introduction to the special issue on meta-learning},
  author    = {Giraud-Carrier, Christophe and Vilalta, Ricardo and Brazdil, Pavel},
  journal   = {Machine learning},
  volume    = {54},
  number    = {3},
  pages     = {187--193},
  year      = {2004},
  publisher = {Springer}
}

@article{ref:vanderstockt:2018,
  title     = {Analysis of selection hyper-heuristics for population-based metaheuristics in real-valued dynamic optimization},
  author    = {{Van der Stockt}, Stefan AG and {Engelbrecht}, Andries P},
  journal   = {Swarm and Evolutionary Computation},
  year      = {2018},
  publisher = {Elsevier}
}

@phdthesis{ref:grobler:2015,
  title  = {The heterogeneous meta-hyper-heuristic: from low level heuristics to low level metaheuristics},
  author = {Grobler, Jacomine},
  school = {University of Pretoria}
}

@inproceedings{ref:gudise:2003,
  title        = {Comparison of particle swarm optimization and backpropagation as training algorithms for neural networks},
  author       = {Gudise, Venu G and Venayagamoorthy, Ganesh K},
  booktitle    = {Proceedings of the 2003 IEEE Swarm Intelligence Symposium. SIS'03 (Cat. No. 03EX706)},
  pages        = {110--117},
  year         = {2003},
  organization = {IEEE}
}

@article{ref:rakitianskaia:2012,
  title     = {Training feedforward neural networks with dynamic particle swarm optimisation},
  author    = {Rakitianskaia, Anastassia S and Engelbrecht, Andries P},
  journal   = {Swarm Intelligence},
  volume    = {6},
  number    = {3},
  pages     = {233--270},
  year      = {2012},
  publisher = {Springer}
}

@inproceedings{ref:montana:1989,
  title     = {Training Feedforward Neural Networks Using Genetic Algorithms.},
  author    = {Montana, David J and Davis, Lawrence},
  booktitle = {IJCAI},
  volume    = {89},
  pages     = {762--767},
  year      = {1989}
}

@article{ref:pillay:2015,
  title     = {Intelligent system design using hyper-heuristics},
  author    = {Pillay, Nelishia},
  journal   = {South African Computer Journal},
  volume    = {56},
  number    = {1},
  pages     = {107--119},
  year      = {2015},
  publisher = {Sabinet}
}

@inproceedings{ref:grobler:2011,
  title        = {Investigating the impact of alternative evolutionary selection strategies on multi-method global optimization},
  author       = {Grobler, Jacomine and Engelbrecht, Andries P and Kendall, Graham and Yadavalli, VSS},
  booktitle    = {Evolutionary Computation (CEC), 2011 IEEE Congress on},
  pages        = {2337--2344},
  year         = {2011},
  organization = {IEEE}
}

@inproceedings{ref:grobler:2012,
  title        = {Investigating the use of local search for improving meta-hyper-heuristic performance},
  author       = {Grobler, Jacomine and Engelbrecht, Andries P and Kendall, Graham and Yadavalli, VSS},
  booktitle    = {Evolutionary Computation (CEC), 2012 IEEE Congress on},
  pages        = {1--8},
  year         = {2012},
  organization = {IEEE}
}

@article{ref:dowsland:2007,
  title     = {A simulated annealing based hyperheuristic for determining shipper sizes for storage and transportation},
  author    = {Dowsland, Kathryn A and Soubeiga, Eric and Burke, Edmund},
  journal   = {European Journal of Operational Research},
  volume    = {179},
  number    = {3},
  pages     = {759--774},
  year      = {2007},
  publisher = {Elsevier}
}

@article{ref:pappa:2014,
  title     = {Contrasting meta-learning and hyper-heuristic research: the role of evolutionary algorithms},
  author    = {Pappa, Gisele L and Ochoa, Gabriela and Hyde, Matthew R and Freitas, Alex A and Woodward, John and Swan, Jerry},
  journal   = {Genetic Programming and Evolvable Machines},
  volume    = {15},
  number    = {1},
  pages     = {3--35},
  year      = {2014},
  publisher = {Springer}
}

@article{ref:zhou:2002,
  title     = {Ensembling neural networks: many could be better than all},
  author    = {Zhou, Zhi-Hua and Wu, Jianxin and Tang, Wei},
  journal   = {Artificial intelligence},
  volume    = {137},
  number    = {1-2},
  pages     = {239--263},
  year      = {2002},
  publisher = {Elsevier}
}

@article{ref:rosenblatt:1958,
  title     = {The perceptron: a probabilistic model for information storage and organization in the brain.},
  author    = {Rosenblatt, Frank},
  journal   = {Psychological review},
  volume    = {65},
  number    = {6},
  pages     = {386},
  year      = {1958},
  publisher = {American Psychological Association}
}

@book{ref:engelbrecht:2007,
  title     = {Computational intelligence: an introduction},
  author    = {Engelbrecht, Andries P},
  year      = {2007},
  publisher = {John Wiley \& Sons}
}

@article{ref:sandberg:2008,
  title     = {Whole brain emulation},
  author    = {Sandberg, Anders and Bostrom, Nick},
  year      = {2008},
  publisher = {Citeseer}
}

@article{ref:khan:2001,
  title     = {Classification and diagnostic prediction of cancers using gene expression profiling and artificial neural networks},
  author    = {Khan, Javed and Wei, Jun S and Ringner, Markus and Saal, Lao H and Ladanyi, Marc and Westermann, Frank and Berthold, Frank and Schwab, Manfred and Antonescu, Cristina R and Peterson, Carsten and others},
  journal   = {Nature medicine},
  volume    = {7},
  number    = {6},
  pages     = {673},
  year      = {2001},
  publisher = {Nature Publishing Group}
}

@inproceedings{ref:cannady:1998,
  title        = {Artificial neural networks for misuse detection},
  author       = {Cannady, James},
  booktitle    = {National information systems security conference},
  volume       = {26},
  year         = {1998},
  organization = {Baltimore}
}

@article{ref:kumar:1994,
  title  = {A pattern matching model for misuse intrusion detection},
  author = {Kumar, Sandeep and Spafford, Eugene H},
  year   = {1994}
}

@article{ref:dayhoff:2001,
  title     = {Artificial neural networks: opening the black box},
  author    = {Dayhoff, Judith E and DeLeo, James M},
  journal   = {Cancer: Interdisciplinary International Journal of the American Cancer Society},
  volume    = {91},
  number    = {S8},
  pages     = {1615--1635},
  year      = {2001},
  publisher = {Wiley Online Library}
}

@article{ref:specht:1991,
  title     = {A general regression neural network},
  author    = {Specht, Donald F},
  journal   = {IEEE transactions on neural networks},
  volume    = {2},
  number    = {6},
  pages     = {568--576},
  year      = {1991},
  publisher = {IEEE}
}

@article{ref:singh:2009,
  title   = {NEURAL NETWORKS IN DATA MINING.},
  author  = {Singh, Yashpal and Chauhan, Alok Singh},
  journal = {Journal of Theoretical \& Applied Information Technology},
  volume  = {5},
  number  = {1},
  year    = {2009}
}

@article{ref:kennedy:2016,
  title     = {Synaptic signaling in learning and memory},
  author    = {Kennedy, Mary B},
  journal   = {Cold Spring Harbor perspectives in biology},
  volume    = {8},
  number    = {2},
  pages     = {a016824},
  year      = {2016},
  publisher = {Cold Spring Harbor Lab}
}

@article{ref:huttenlocher:1997,
  title     = {Regional differences in synaptogenesis in human cerebral cortex},
  author    = {Huttenlocher, Peter R and Dabholkar, Arun S},
  journal   = {Journal of comparative Neurology},
  volume    = {387},
  number    = {2},
  pages     = {167--178},
  year      = {1997},
  publisher = {Wiley Online Library}
}

@misc{ref:khanacademy:synapse,
  title        = {The Synapse},
  author       = {KhanAcademy},
  howpublished = {\url{https://www.khanacademy.org/science/biology/human-biology/neuron-nervous-system/a/the-synapse}}
}

@article{ref:jain:1996,
  title     = {Artificial neural networks: A tutorial},
  author    = {Jain, Anil K and Mao, Jianchang and Mohiuddin, KM},
  journal   = {Computer},
  number    = {3},
  pages     = {31--44},
  year      = {1996},
  publisher = {IEEE}
}

@inproceedings{ref:nguyen:1990,
  title        = {Improving the learning speed of 2-layer neural networks by choosing initial values of the adaptive weights},
  author       = {Nguyen, Derrick and Widrow, Bernard},
  booktitle    = {1990 IJCNN International Joint Conference on Neural Networks},
  pages        = {21--26},
  year         = {1990},
  organization = {IEEE}
}

@article{ref:benitez:1997,
  title     = {Are artificial neural networks black boxes?},
  author    = {Ben{\'i}tez, Jos{\'e} Manuel and Castro, Juan Luis and Requena, Ignacio},
  journal   = {IEEE Transactions on neural networks},
  volume    = {8},
  number    = {5},
  pages     = {1156--1164},
  year      = {1997},
  publisher = {IEEE}
}

@article{ref:agarap:2018,
  title   = {Deep learning using rectified linear units (relu)},
  author  = {Agarap, Abien Fred},
  journal = {arXiv preprint arXiv:1803.08375},
  year    = {2018}
}

@article{ref:hornik:1989,
  title     = {Multilayer feedforward networks are universal approximators},
  author    = {Hornik, Kurt and Stinchcombe, Maxwell and White, Halbert},
  journal   = {Neural networks},
  volume    = {2},
  number    = {5},
  pages     = {359--366},
  year      = {1989},
  publisher = {Elsevier}
}

@book{ref:zell:1994,
  title     = {Simulation neuronaler netze},
  author    = {Zell, Andreas},
  volume    = {1},
  number    = {5.3},
  year      = {1994},
  publisher = {Addison-Wesley Bonn}
}

@article{ref:schmidhuber:2015,
  title     = {Deep learning in neural networks: An overview},
  author    = {Schmidhuber, J{\"u}rgen},
  journal   = {Neural networks},
  volume    = {61},
  pages     = {85--117},
  year      = {2015},
  publisher = {Elsevier}
}

@book{ref:james:2013,
  title     = {An introduction to statistical learning},
  author    = {James, Gareth and Witten, Daniela and Hastie, Trevor and Tibshirani, Robert},
  volume    = {112},
  year      = {2013},
  publisher = {Springer}
}

@article{ref:brownlee:2017,
  title        = {What is the Difference Between Test and Validation Datasets},
  author       = {Brownlee, Jason},
  journal      = {Machine Learning Process},
  year         = {2017},
  howpublished = {\url{https://machinelearningmastery.com/difference-testvalidation-datasets}}
}

@article{ref:brownlee:2016,
  title        = {Supervised and unsupervised machine learning algorithms},
  author       = {Brownlee, Jason},
  journal      = {Machine Learning Mastery},
  volume       = {16},
  number       = {03},
  year         = {2016},
  howpublished = {\url{https://machinelearningmastery.com/supervised-and-unsupervised-machine-learning-algorithms/}}
}

@book{ref:geron:2017,
  title     = {Hands-on machine learning with Scikit-Learn and TensorFlow: concepts, tools, and techniques to build intelligent systems},
  author    = {G{\'e}ron, Aur{\'e}lien},
  year      = {2017},
  publisher = {" O'Reilly Media, Inc."}
}

@article{ref:kuzniar:2017,
  title   = {Some methods of pre-processing input data for neural networks},
  author  = {Kuzniar, Krystyna and Zajac, Maciej},
  journal = {Computer Assisted Methods in Engineering and Science},
  volume  = {22},
  number  = {2},
  pages   = {141--151},
  year    = {2017}
}

@book{ref:harris:2010,
  title     = {Digital design and computer architecture},
  author    = {Harris, David and Harris, Sarah},
  year      = {2010},
  publisher = {Morgan Kaufmann}
}

@inproceedings{ref:fernandez:2001,
  title     = {Weight initialization methods for multilayer feedforward.},
  author    = {Fern{\'a}ndez-Redondo, Mercedes and Hern{\'a}ndez-Espinosa, Carlos},
  booktitle = {ESANN},
  pages     = {119--124},
  year      = {2001}
}

@book{ref:goodfellow:2016,
  title     = {Deep learning},
  author    = {Goodfellow, Ian and Bengio, Yoshua and Courville, Aaron},
  year      = {2016},
  publisher = {MIT press}
}

@book{ref:bishop:2006,
  title     = {Pattern recognition and machine learning},
  author    = {Bishop, Christopher M},
  year      = {2006},
  publisher = {springer}
}

@inproceedings{ref:francis:2001,
  title     = {Neural networks demystified},
  author    = {Francis, Louise},
  booktitle = {Casualty Actuarial Society Forum},
  pages     = {253--320},
  year      = {2001}
}

@misc{ref:srinidhi:2018,
  author       = {Sunny Srinidhi},
  title        = {Label Encoder vs. One Hot Encoder in Machine Learning},
  type         = {Blog},
  number       = {July 29},
  year         = {2018},
  howpublished = {\url{https://medium.com/@contactsunny/label-encoder-vs-one-hot-encoder-in-machine-learning-3fc273365621}}
}

@misc{ref:brownlee:2017:one-hot,
  author       = {Jason Brownlee},
  title        = {How to One Hot Encode Sequence Data in Python},
  type         = {Blog},
  number       = {July 12},
  year         = {2017},
  howpublished = {\url{https://machinelearningmastery.com/how-to-one-hot-encode-sequence-data-in-python/}}
}

@inproceedings{ref:thierens:1993,
  title        = {Genetic weight optimization of a feedforward neural network controller},
  author       = {Thierens, Dirk and Suykens, Johan and Vandewalle, Joos and De Moor, Bart},
  booktitle    = {Artificial Neural Nets and Genetic Algorithms},
  pages        = {658--663},
  year         = {1993},
  organization = {Springer}
}

@inproceedings{ref:de:2016,
  title        = {An overview on weight initialization methods for feedforward neural networks},
  author       = {de Sousa, Celso AR},
  booktitle    = {2016 International Joint Conference on Neural Networks (IJCNN)},
  pages        = {52--59},
  year         = {2016},
  organization = {IEEE}
}

@inproceedings{ref:erdogmus:2003,
  title        = {Accurate initialization of neural network weights by backpropagation of the desired response},
  author       = {Erdogmus, Deniz and Fontenla-Romero, Oscar and Principe, Jose C and Alonso-Betanzos, Amparo and Castillo, Enrique and Jenssen, Robert},
  booktitle    = {Proceedings of the International Joint Conference on Neural Networks, 2003.},
  volume       = {3},
  pages        = {2005--2010},
  year         = {2003},
  organization = {IEEE}
}

@article{ref:yam:2000,
  title     = {A weight initialization method for improving training speed in feedforward neural network},
  author    = {Yam, Jim YF and Chow, Tommy WS},
  journal   = {Neurocomputing},
  volume    = {30},
  number    = {1-4},
  pages     = {219--232},
  year      = {2000},
  publisher = {Elsevier}
}

@misc{ref:yadav:2018,
  author       = {Saurabh Yadav},
  title        = {Weight Initialization Techniques in Neural Networks},
  type         = {Blog},
  number       = {November 9},
  year         = {2018},
  howpublished = {\url{https://towardsdatascience.com/weight-initialization-techniques-in-neural-networks-26c649eb3b78}}
}

@article{ref:ziv:1994,
  title     = {Simulator for neural networks and action potentials: description and application},
  author    = {Ziv, Israel and Baxter, Douglas A and Byrne, John H},
  journal   = {Journal of neurophysiology},
  volume    = {71},
  number    = {1},
  pages     = {294--308},
  year      = {1994},
  publisher = {[Bethesda, MD, etc.] American Physiological Society [etc.]}
}

@article{ref:hodgkin:1952,
  title     = {A quantitative description of membrane current and its application to conduction and excitation in nerve},
  author    = {Hodgkin, Alan L and Huxley, Andrew F},
  journal   = {The Journal of physiology},
  volume    = {117},
  number    = {4},
  pages     = {500--544},
  year      = {1952},
  publisher = {Wiley Online Library}
}

@article{ref:karlik:2011,
  title   = {Performance analysis of various activation functions in generalized MLP architectures of neural networks},
  author  = {Karlik, Bekir and Olgac, A Vehbi},
  journal = {International Journal of Artificial Intelligence and Expert Systems},
  volume  = {1},
  number  = {4},
  pages   = {111--122},
  year    = {2011}
}

@article{ref:xu:2015,
  title   = {Empirical evaluation of rectified activations in convolutional network},
  author  = {Xu, Bing and Wang, Naiyan and Chen, Tianqi and Li, Mu},
  journal = {arXiv preprint arXiv:1505.00853},
  year    = {2015}
}

@misc{ref:maksutov:2018,
  author       = {Rinat Maksutov},
  title        = {Deep study of a not very deep neural network. Part 2: Activation functions},
  type         = {Blog},
  number       = {March 1},
  year         = {2018},
  howpublished = {\url{https://towardsdatascience.com/deep-study-of-a-not-very-deep-neural-network-part-2-activation-functions-fd9bd8d406fc}}
}

@incollection{ref:bengio:2012,
  title     = {Practical recommendations for gradient-based training of deep architectures},
  author    = {Bengio, Yoshua},
  booktitle = {Neural networks: Tricks of the trade},
  pages     = {437--478},
  year      = {2012},
  publisher = {Springer}
}

@article{ref:cybenko:1989,
  title     = {Approximation by superpositions of a sigmoidal function},
  author    = {Cybenko, George},
  journal   = {Mathematics of control, signals and systems},
  volume    = {2},
  number    = {4},
  pages     = {303--314},
  year      = {1989},
  publisher = {Springer}
}

@book{ref:lack:1983,
  title     = {Darwin's Finches},
  author    = {Lack, D. and Ratcliffe, L.M. and Boag, P.T.},
  isbn      = {9780521272421},
  lccn      = {lc82019856},
  series    = {Cambridge Science Classics},
  year      = {1983},
  publisher = {Cambridge University Press}
}

@book{ref:spencer:1864,
  title     = {The Principles of Biology},
  author    = {Spencer, H.},
  number    = {v. 1},
  lccn      = {06009251},
  series    = {A system of synthetic philosophy. vol. II-[III]},
  year      = {1864},
  publisher = {William and Norgate}
}

@mastersthesis{ref:oldewage:2017,
  author  = {Elre Talea Oldewage},
  title   = {The Perils of Particle Swarm Optimization in High Dimensional Problem Spaces},
  school  = {Department of Computer Science, School of Information Technology, EBIT Faculty, University of Pretoria},
  address = {South Africa},
  year    = {2003}
}


@phdthesis{ref:vanwyk:2014,
  title  = {An Analysis of Overfitting in Particle Swarm Optimised Neural Networks},
  author = {Van Wyk, Andrich Benjamin},
  year   = {2014},
  school = {University of Pretoria}
}

@inproceedings{ref:sabar:2009,
  title        = {Examination timetabling using scatter search hyper-heuristic},
  author       = {Sabar, Nasser R and Ayob, Masri},
  booktitle    = {2009 2nd Conference on Data Mining and Optimization},
  pages        = {127--131},
  year         = {2009},
  organization = {IEEE}
}

@article{ref:fisher:1936,
  title     = {The use of multiple measurements in taxonomic problems},
  author    = {Fisher, Ronald A},
  journal   = {Annals of eugenics},
  volume    = {7},
  number    = {2},
  pages     = {179--188},
  year      = {1936},
  publisher = {Wiley Online Library}
}

@inproceedings{ref:bohanec:1988,
  title        = {Knowledge acquisition and explanation for multi-attribute decision making},
  author       = {Bohanec, Marko and Rajkovic, Vladislav},
  booktitle    = {8th Intl Workshop on Expert Systems and their Applications},
  pages        = {59--78},
  year         = {1988},
  organization = {Citeseer}
}

@phdthesis{ref:waugh:1995,
  title  = {Extending and benchmarking Cascade-Correlation: extensions to the Cascade-Correlation architecture and benchmarking of feed-forward supervised artificial neural networks},
  author = {Waugh, Samuel George},
  year   = {1995},
  school = {University of Tasmania}
}

@phdthesis{ref:schlimmer:1987,
  title  = {Concept acquisition through representational adjustment},
  author = {Schlimmer, Jeffrey Curtis},
  year   = {1987},
  school = {University of California, Irvine}
}

@article{ref:cortez:2009,
  title     = {Modeling wine preferences by data mining from physicochemical properties},
  author    = {Cortez, Paulo and Cerdeira, Ant{\'o}nio and Almeida, Fernando and Matos, Telmo and Reis, Jos{\'e}},
  journal   = {Decision support systems},
  volume    = {47},
  number    = {4},
  pages     = {547--553},
  year      = {2009},
  publisher = {Elsevier}
}

@article{ref:moro:2014,
  title     = {A data-driven approach to predict the success of bank telemarketing},
  author    = {Moro, S{\'e}rgio and Cortez, Paulo and Rita, Paulo},
  journal   = {Decision Support Systems},
  volume    = {62},
  pages     = {22--31},
  year      = {2014},
  publisher = {Elsevier}
}

@article{ref:strack:2014,
  title     = {Impact of HbA1c measurement on hospital readmission rates: analysis of 70,000 clinical database patient records},
  author    = {Strack, Beata and DeShazo, Jonathan P and Gennings, Chris and Olmo, Juan L and Ventura, Sebastian and Cios, Krzysztof J and Clore, John N},
  journal   = {BioMed research international},
  volume    = {2014},
  year      = {2014},
  publisher = {Hindawi}
}

@inproceedings{ref:kohavi:1996,
  title     = {Scaling up the accuracy of naive-bayes classifiers: A decision-tree hybrid.},
  author    = {Kohavi, Ron and others},
  booktitle = {Kdd},
  volume    = {96},
  pages     = {202--207},
  year      = {1996}
}

@article{ref:cortez:2007,
  title     = {A data mining approach to predict forest fires using meteorological data},
  author    = {Cortez, Paulo and Morais, Anibal de Jesus Raimundo},
  year      = {2007},
  publisher = {Associa{\c{c}}{\~a}o Portuguesa para a Intelig{\^e}ncia Artificial (APPIA)}
}

@article{ref:harrison:1978,
  title     = {Hedonic housing prices and the demand for clean air},
  author    = {Harrison Jr, David and Rubinfeld, Daniel L},
  journal   = {Journal of environmental economics and management},
  volume    = {5},
  number    = {1},
  pages     = {81--102},
  year      = {1978},
  publisher = {Elsevier}
}

@article{ref:cassotti:2015,
  title     = {A similarity-based QSAR model for predicting acute toxicity towards the fathead minnow (Pimephales promelas)},
  author    = {Cassotti, M and Ballabio, D and Todeschini, R and Consonni, V},
  journal   = {SAR and QSAR in Environmental Research},
  volume    = {26},
  number    = {3},
  pages     = {217--243},
  year      = {2015},
  publisher = {Taylor \& Francis}
}

@article{ref:cortez:2008,
  title     = {Using data mining to predict secondary school student performance},
  author    = {Cortez, Paulo and Silva, Alice Maria Gon{\c{c}}alves},
  year      = {2008},
  publisher = {EUROSIS-ETI}
}

@article{ref:tsanas:2009,
  title     = {Accurate telemonitoring of Parkinson's disease progression by non-invasive speech tests},
  author    = {Tsanas, Athanasios and Little, Max and McSharry, Patrick and Ramig, Lorraine},
  journal   = {Nature Precedings},
  pages     = {1--1},
  year      = {2009},
  publisher = {Nature Publishing Group}
}

@article{ref:de:2008,
  title     = {On field calibration of an electronic nose for benzene estimation in an urban pollution monitoring scenario},
  author    = {De Vito, Saverio and Massera, Ettore and Piga, Marco and Martinotto, Luca and Di Francia, Girolamo},
  journal   = {Sensors and Actuators B: Chemical},
  volume    = {129},
  number    = {2},
  pages     = {750--757},
  year      = {2008},
  publisher = {Elsevier}
}

@article{ref:fanaee:2014,
  title     = {Event labeling combining ensemble detectors and background knowledge},
  author    = {Fanaee-T, Hadi and Gama, Joao},
  journal   = {Progress in Artificial Intelligence},
  volume    = {2},
  number    = {2},
  pages     = {113--127},
  year      = {2014},
  publisher = {Springer}
}

 @misc{ref:uci:2022,
  title     = {UCI Machine Learning Repository},
  publisher = {Center for Machine Learning and Intelligent Systems},
  url       = {https://archive.ics.uci.edu/ml/index.php},
  journal   = {UCI Machine Learning Repository}
} 
 
 @inproceedings{ref:sutskever:2013,
  title        = {On the importance of initialization and momentum in deep learning},
  author       = {Sutskever, Ilya and Martens, James and Dahl, George and Hinton, Geoffrey},
  booktitle    = {International conference on machine learning},
  pages        = {1139--1147},
  year         = {2013},
  organization = {PMLR}
}

@article{ref:duchi:2011,
  title   = {Adaptive subgradient methods for online learning and stochastic optimization.},
  author  = {Duchi, John and Hazan, Elad and Singer, Yoram},
  journal = {Journal of machine learning research},
  volume  = {12},
  number  = {7},
  year    = {2011}
}

@article{ref:kingma:2014,
  title   = {Adam: A method for stochastic optimization},
  author  = {Kingma, Diederik P and Ba, Jimmy},
  journal = {arXiv preprint arXiv:1412.6980},
  year    = {2014}
}

@article{ref:van:2010,
  title     = {A convergence proof for the particle swarm optimiser},
  author    = {Van den Bergh, Frans and Engelbrecht, Andries Petrus},
  journal   = {Fundamenta Informaticae},
  volume    = {105},
  number    = {4},
  pages     = {341--374},
  year      = {2010},
  publisher = {IOS Press}
}

@inproceedings{ref:mezura:2006,
  title     = {A comparative study of differential evolution variants for global optimization},
  author    = {Mezura-Montes, Efr{\~n}n and Vel{\'a}zquez-Reyes, Jes{\'u}s and Coello Coello, Carlos A},
  booktitle = {Proceedings of the 8th annual conference on Genetic and evolutionary computation},
  pages     = {485--492},
  year      = {2006}
}

@inproceedings{ref:lambora:2019,
  author    = {Lambora, Annu and Gupta, Kunal and Chopra, Kriti},
  booktitle = {2019 International Conference on Machine Learning, Big Data, Cloud and Parallel Computing (COMITCon)},
  title     = {Genetic Algorithm - A Literature Review},
  year      = {2019},
  volume    = {},
  number    = {},
  pages     = {380-384},
  doi       = {10.1109/COMITCon.2019.8862255}
}


@incollection{ref:ozcan:2006,
  title     = {Hill climbers and mutational heuristics in hyperheuristics},
  author    = {{\"O}zcan, Ender and Bilgin, Burak and Korkmaz, Emin Erkan},
  booktitle = {Parallel Problem Solving from Nature-PPSN IX},
  pages     = {202--211},
  year      = {2006},
  publisher = {Springer}
}

@article{ref:ozcan:2008,
  title     = {A comprehensive analysis of hyper-heuristics},
  author    = {{\"O}zcan, Ender and Bilgin, Burak and Korkmaz, Emin Erkan},
  journal   = {Intelligent data analysis},
  volume    = {12},
  number    = {1},
  pages     = {3--23},
  year      = {2008},
  publisher = {IOS Press}
}

@article{ref:domingos:1997,
  title     = {On the optimality of the simple Bayesian classifier under zero-one loss},
  author    = {Domingos, Pedro and Pazzani, Michael},
  journal   = {Machine learning},
  volume    = {29},
  number    = {2},
  pages     = {103--130},
  year      = {1997},
  publisher = {Springer}
}

@book{ref:demoivre:1718,
  title     = {The doctrine of chances: or, A method of calculating the probability of events in play},
  author    = {De Moivre, Abraham},
  year      = {1718},
  publisher = {W. Pearson}
}

@article{ref:bayes:1763,
  title     = {LII. An essay towards solving a problem in the doctrine of chances. By the late Rev. Mr. Bayes, FRS communicated by Mr. Price, in a letter to John Canton, AMFR S},
  author    = {Bayes, Thomas},
  journal   = {Philosophical transactions of the Royal Society of London},
  number    = {53},
  pages     = {370--418},
  year      = {1763},
  publisher = {The Royal Society London}
}



@online{ref:beta:2014,
  author  = {Wikimedia Commons},
  title   = {Beta distribution},
  year    = {2014},
  urlseen = {2022-01-26},
  url     = {https://upload.wikimedia.org/wikipedia/commons/f/f3/Beta_distribution_pdf.svg}
}

@online{ref:cumulativebeta:2014,
  author  = {Wikimedia Commons},
  title   = {Cumulative Beta distribution},
  year    = {2014},
  urlseen = {2022-01-26},
  url     = {https://upload.wikimedia.org/wikipedia/commons/1/11/Beta_distribution_cdf.svg}
}

@online{ref:dirichlet:2020,
  author  = {Wikimedia Commons},
  title   = {Beta distribution},
  year    = {2014},
  urlseen = {2022-01-26},
  url     = {https://upload.wikimedia.org/wikipedia/commons/7/74/Dirichlet.pdf}
}

@book{ref:grinstead:1997,
  title     = {Introduction to probability},
  author    = {Grinstead, Charles Miller and Snell, James Laurie},
  year      = {1997},
  publisher = {American Mathematical Soc.}
}

@inproceedings{ref:iverson:1962,
  title     = {A programming language},
  author    = {Iverson, Kenneth E},
  booktitle = {Proceedings of the May 1-3, 1962, spring joint computer conference},
  pages     = {345--351},
  year      = {1962}
}

@article{ref:zalta:2015,
  title   = {Metaphysics Research Lab},
  author  = {Zalta, Edward N},
  journal = {Center for the Study of Language and Information, Stanford University, Stanford, CA},
  year    = {2015}
}

@article{ref:hackenberger:2019,
  title     = {Bayes or not Bayes, is this the question?},
  author    = {Hackenberger, Branimir K},
  journal   = {Croatian medical journal},
  volume    = {60},
  number    = {1},
  pages     = {50},
  year      = {2019},
  publisher = {Medicinska Naklada}
}

@article{ref:ashby:2006,
  title     = {Bayesian statistics in medicine: a 25 year review},
  author    = {Ashby, Deborah},
  journal   = {Statistics in medicine},
  volume    = {25},
  number    = {21},
  pages     = {3589--3631},
  year      = {2006},
  publisher = {Wiley Online Library}
}

 @misc{ref:pekelis:2021,
  title     = {Bayesian vs frequentist statistics},
  url       = {https://www.optimizely.com/insights/blog/bayesian-vs-frequentist-statistics/},
  journal   = {Optimizely},
  publisher = {Optimizely},
  author    = {Pekelis, Leonid},
  year      = {2021},
  month     = {6}
} 

 @misc{ref:beers:2022,
  title     = {What P-value tells us},
  url       = {https://www.investopedia.com/terms/p/p-value.asp},
  journal   = {Investopedia},
  publisher = {Investopedia},
  author    = {Beers, Brian},
  year      = {2022},
  month     = {1}
}


@inproceedings{ref:mingguang:2009,
  title        = {Artificial neural network co-optimization algorithm based on differential evolution},
  author       = {Mingguang, Liu and Gaoyang, Li},
  booktitle    = {2009 Second International Symposium on Computational Intelligence and Design},
  volume       = {1},
  pages        = {256--259},
  year         = {2009},
  organization = {IEEE}
}

@inproceedings{ref:espinal:2011,
  title        = {Comparison of PSO and DE for training neural networks},
  author       = {Espinal, Andres and Sotelo-Figueroa, Marco and Soria-Alcaraz, Jorge A and Ornelas, Manuel and Puga, Hector and Carpio, Martin and Baltazar, Rosario and Rico, JL},
  booktitle    = {2011 10th Mexican International Conference on Artificial Intelligence},
  pages        = {83--87},
  year         = {2011},
  organization = {IEEE}
}

@article{ref:gupta:1999,
  title     = {Comparing backpropagation with a genetic algorithm for neural network training},
  author    = {Gupta, Jatinder ND and Sexton, Randall S},
  journal   = {Omega},
  volume    = {27},
  number    = {6},
  pages     = {679--684},
  year      = {1999},
  publisher = {Elsevier}
}

@article{ref:romanycia:1985,
  title     = {What is a heuristic?},
  author    = {Romanycia, Marc HJ and Pelletier, Francis Jeffry},
  journal   = {Computational Intelligence},
  volume    = {1},
  number    = {1},
  pages     = {47--58},
  year      = {1985},
  publisher = {Wiley Online Library}
}

@article{ref:bianchi:2009,
  title     = {A survey on metaheuristics for stochastic combinatorial optimization},
  author    = {Bianchi, Leonora and Dorigo, Marco and Gambardella, Luca Maria and Gutjahr, Walter J},
  journal   = {Natural Computing},
  volume    = {8},
  number    = {2},
  pages     = {239--287},
  year      = {2009},
  publisher = {Springer}
}

@article{ref:lemarechal:2012,
  title   = {Cauchy and the gradient method},
  author  = {Lemar{\'e}chal, Claude},
  journal = {Doc Math Extra},
  volume  = {251},
  number  = {254},
  pages   = {10},
  year    = {2012}
}

@book{ref:hadamard:1908,
  title     = {M{\'e}moire sur le probl{\`e}me d'analyse relatif {\`a} l'{\'e}quilibre des plaques {\'e}lastiques encastr{\'e}es},
  author    = {Hadamard, Jacques},
  volume    = {33},
  year      = {1908},
  publisher = {Imprimerie nationale}
}

@phdthesis{ref:nel:2021,
  title  = {A hyperheuristic approach towards the training of artificial neural networks.},
  school = {University of Stellenbosch},
  author = {Nel, Gerrit Stephanus},
  year   = {2021}
}

@article{ref:kheiri:2017,
  title     = {A hidden markov model approach to the problem of heuristic selection in hyper-heuristics with a case study in high school timetabling problems},
  author    = {Kheiri, Ahmed and Keedwell, Ed},
  journal   = {Evolutionary computation},
  volume    = {25},
  number    = {3},
  pages     = {473--501},
  year      = {2017},
  publisher = {MIT Press One Rogers Street, Cambridge, MA 02142-1209, USA journals-info~…}
}

@article{ref:blum:2003,
  title     = {Metaheuristics in combinatorial optimization: Overview and conceptual comparison},
  author    = {Blum, Christian and Roli, Andrea},
  journal   = {ACM computing surveys (CSUR)},
  volume    = {35},
  number    = {3},
  pages     = {268--308},
  year      = {2003},
  publisher = {Acm New York, NY, USA}
}


@book{ref:werbos:1994,
  title     = {The roots of backpropagation: from ordered derivatives to neural networks and political forecasting},
  author    = {Werbos, Paul John},
  volume    = {1},
  year      = {1994},
  publisher = {John Wiley \& Sons}
}

@article{ref:ruder:2016,
  title   = {An overview of gradient descent optimization algorithms},
  author  = {Ruder, Sebastian},
  journal = {arXiv preprint arXiv:1609.04747},
  year    = {2016}
}

@online{ref:sgd:2006,
  author  = {Wikimedia Commons},
  title   = {Stochastic Gradient Descent},
  year    = {2006},
  urlseen = {2022-01-30},
  url     = {https://upload.wikimedia.org/wikipedia/commons/f/f3/Stogra.png}
}

@article{ref:robbins:1951,
  title     = {A stochastic approximation method},
  author    = {Robbins, Herbert and Monro, Sutton},
  journal   = {The annals of mathematical statistics},
  pages     = {400--407},
  year      = {1951},
  publisher = {JSTOR}
}

@article{ref:rumelhart:1986,
  title     = {Learning representations by back-propagating errors},
  author    = {Rumelhart, David E and Hinton, Geoffrey E and Williams, Ronald J},
  journal   = {nature},
  volume    = {323},
  number    = {6088},
  pages     = {533--536},
  year      = {1986},
  publisher = {Nature Publishing Group}
}

@article{ref:dauphin:2014,
  title   = {Identifying and attacking the saddle point problem in high-dimensional non-convex optimization},
  author  = {Dauphin, Yann and Pascanu, Razvan and Gulcehre, Caglar and Cho, Kyunghyun and Ganguli, Surya and Bengio, Yoshua},
  journal = {arXiv preprint arXiv:1406.2572},
  year    = {2014}
}

@inproceedings{ref:sutton:1986,
  title     = {Two problems with back propagation and other steepest descent learning procedures for networks},
  author    = {Sutton, Richard},
  booktitle = {Proceedings of the Eighth Annual Conference of the Cognitive Science Society, 1986},
  pages     = {823--832},
  year      = {1986}
}

@article{ref:qian:1999,
  title     = {On the momentum term in gradient descent learning algorithms},
  author    = {Qian, Ning},
  journal   = {Neural networks},
  volume    = {12},
  number    = {1},
  pages     = {145--151},
  year      = {1999},
  publisher = {Elsevier}
}

@inproceedings{ref:du:2019,
  title        = {The frontier of SGD and its variants in machine learning},
  author       = {Du, Juan},
  booktitle    = {Journal of Physics: Conference Series},
  volume       = {1229},
  number       = {1},
  pages        = {012046},
  year         = {2019},
  organization = {IOP Publishing}
}

@inproceedings{ref:nesterov:1983,
  title     = {A method for unconstrained convex minimization problem with the rate of convergence O (1/k\^{} 2)},
  author    = {Nesterov, Yurii},
  booktitle = {Doklady an ussr},
  volume    = {269},
  pages     = {543--547},
  year      = {1983}
}

@article{ref:hinton:2012,
  title   = {Neural networks for machine learning lecture 6a overview of mini-batch gradient descent},
  author  = {Hinton, Geoffrey and Srivastava, Nitish and Swersky, Kevin},
  journal = {Cited on},
  volume  = {14},
  number  = {8},
  pages   = {2},
  year    = {2012}
}

@book{ref:sutskever:2013-2,
  title     = {Training recurrent neural networks},
  author    = {Sutskever, Ilya},
  year      = {2013},
  publisher = {University of Toronto Toronto, Canada}
}

@article{ref:heusel:2017,
  title   = {Gans trained by a two time-scale update rule converge to a local nash equilibrium},
  author  = {Heusel, Martin and Ramsauer, Hubert and Unterthiner, Thomas and Nessler, Bernhard and Hochreiter, Sepp},
  journal = {Advances in neural information processing systems},
  volume  = {30},
  year    = {2017}
}

@inproceedings{ref:carvalho:2006,
  title        = {An analysis of PSO hybrid algorithms for feed-forward neural networks training},
  author       = {Carvalho, Marcio and Ludermir, Teresa B},
  booktitle    = {2006 Ninth Brazilian Symposium on Neural Networks (SBRN'06)},
  pages        = {6--11},
  year         = {2006},
  organization = {IEEE}
}

@article{ref:bengio:2000,
  title     = {Gradient-based optimization of hyperparameters},
  author    = {Bengio, Yoshua},
  journal   = {Neural computation},
  volume    = {12},
  number    = {8},
  pages     = {1889--1900},
  year      = {2000},
  publisher = {MIT Press One Rogers Street, Cambridge, MA 02142-1209, USA journals-info~…}
}

@incollection{ref:feurer:2019,
  title     = {Hyperparameter optimization},
  author    = {Feurer, Matthias and Hutter, Frank},
  booktitle = {Automated machine learning},
  pages     = {3--33},
  year      = {2019},
  publisher = {Springer, Cham}
}

@article{ref:glover:1986,
  title     = {Future paths for integer programming and links to artificial intelligence},
  author    = {Glover, Fred},
  journal   = {Computers \& operations research},
  volume    = {13},
  number    = {5},
  pages     = {533--549},
  year      = {1986},
  publisher = {Elsevier}
}

@article{ref:reeves:1993,
  title   = {Modern heuristic techniques for combinatorial problems Blackwell Scientific Press},
  author  = {Reeves, CR},
  journal = {Oxford, UK},
  volume  = {1},
  number  = {99},
  pages   = {2},
  year    = {1993}
}


@inproceedings{ref:kennedy:1995,
  title        = {Particle swarm optimization},
  author       = {Kennedy, James and Eberhart, Russell},
  booktitle    = {Proceedings of ICNN'95-international conference on neural networks},
  volume       = {4},
  pages        = {1942--1948},
  year         = {1995},
  organization = {IEEE}
}

@inproceedings{ref:eberhart:1995,
  title        = {A new optimizer using particle swarm theory},
  author       = {Eberhart, Russell and Kennedy, James},
  booktitle    = {MHS'95. Proceedings of the Sixth International Symposium on Micro Machine and Human Science},
  pages        = {39--43},
  year         = {1995},
  organization = {Ieee}
}

@inproceedings{ref:kennedy:1997,
  title        = {The particle swarm: social adaptation of knowledge},
  author       = {Kennedy, James},
  booktitle    = {Proceedings of 1997 IEEE International Conference on Evolutionary Computation (ICEC'97)},
  pages        = {303--308},
  year         = {1997},
  organization = {IEEE}
}

@inproceedings{ref:shi:1998,
  title        = {A modified particle swarm optimizer},
  author       = {Shi, Yuhui and Eberhart, Russell},
  booktitle    = {1998 IEEE international conference on evolutionary computation proceedings. IEEE world congress on computational intelligence (Cat. No. 98TH8360)},
  pages        = {69--73},
  year         = {1998},
  organization = {IEEE}
}

@book{ref:eberhart:1996,
  title     = {Computational intelligence PC tools},
  author    = {Eberhart, Russ and Simpson, Pat and Dobbins, Roy},
  year      = {1996},
  publisher = {Academic Press Professional, Inc.}
}

@inproceedings{ref:shi:2001,
  title        = {Particle swarm optimization: developments, applications and resources},
  author       = {Shi, Yuhui and others},
  booktitle    = {Proceedings of the 2001 congress on evolutionary computation (IEEE Cat. No. 01TH8546)},
  volume       = {1},
  pages        = {81--86},
  year         = {2001},
  organization = {IEEE}
}

@article{ref:fan:2002,
  title     = {A modification to particle swarm optimization algorithm},
  author    = {Fan, Huiyuan},
  journal   = {Engineering Computations},
  year      = {2002},
  publisher = {MCB UP Ltd}
}

@phdthesis{ref:vandenberg:2007,
  title  = {An analysis of particle swarm optimizers},
  author = {Van Den Bergh, Frans and others},
  year   = {2007},
  school = {University of Pretoria}
}

@article{ref:vandenberg:2006,
  title     = {A study of particle swarm optimization particle trajectories},
  author    = {Van den Bergh, Frans and Engelbrecht, Andries Petrus},
  journal   = {Information sciences},
  volume    = {176},
  number    = {8},
  pages     = {937--971},
  year      = {2006},
  publisher = {Elsevier}
}

@inproceedings{ref:eberhart:2000,
  title        = {Comparing inertia weights and constriction factors in particle swarm optimization},
  author       = {Eberhart, Russ C and Shi, Yuhui},
  booktitle    = {Proceedings of the 2000 congress on evolutionary computation. CEC00 (Cat. No. 00TH8512)},
  volume       = {1},
  pages        = {84--88},
  year         = {2000},
  organization = {IEEE}
}

@book{ref:price:2006,
  title     = {Differential evolution: a practical approach to global optimization},
  author    = {Price, Kenneth and Storn, Rainer M and Lampinen, Jouni A},
  year      = {2006},
  publisher = {Springer Science \& Business Media}
}

@article{ref:rocca:2011,
  title     = {Differential evolution as applied to electromagnetics},
  author    = {Rocca, Paolo and Oliveri, Giacomo and Massa, Andrea},
  journal   = {IEEE Antennas and Propagation Magazine},
  volume    = {53},
  number    = {1},
  pages     = {38--49},
  year      = {2011},
  publisher = {IEEE}
}

@article{ref:ilonen:2003,
  title     = {Differential evolution training algorithm for feed-forward neural networks},
  author    = {Ilonen, Jarmo and Kamarainen, Joni-Kristian and Lampinen, Jouni},
  journal   = {Neural Processing Letters},
  volume    = {17},
  number    = {1},
  pages     = {93--105},
  year      = {2003},
  publisher = {Springer}
}

@inproceedings{ref:slowik:2008,
  title        = {Training of artificial neural networks using differential evolution algorithm},
  author       = {Slowik, Adam and Bialko, Michal},
  booktitle    = {2008 conference on human system interactions},
  pages        = {60--65},
  year         = {2008},
  organization = {IEEE}
}

@article{ref:storn:1997,
  title     = {Differential evolution--a simple and efficient heuristic for global optimization over continuous spaces},
  author    = {Storn, Rainer and Price, Kenneth},
  journal   = {Journal of global optimization},
  volume    = {11},
  number    = {4},
  pages     = {341--359},
  year      = {1997},
  publisher = {Springer}
}

@inproceedings{ref:storn:1996,
  title        = {On the usage of differential evolution for function optimization},
  author       = {Storn, Rainer},
  booktitle    = {Proceedings of North American Fuzzy Information Processing},
  pages        = {519--523},
  year         = {1996},
  organization = {IEEE}
}

@article{ref:fraser:1957,
  title     = {Simulation of genetic systems by automatic digital computers I. Introduction},
  author    = {Fraser, Alex S},
  journal   = {Australian journal of biological sciences},
  volume    = {10},
  number    = {4},
  pages     = {484--491},
  year      = {1957},
  publisher = {CSIRO Publishing}
}

@article{ref:bremermann:1962,
  title     = {Optimization through evolution and recombination},
  author    = {Bremermann, Hans J and others},
  journal   = {Self-organizing systems},
  volume    = {93},
  pages     = {106},
  year      = {1962},
  publisher = {Washington, DC: Spartan}
}

@article{ref:reed:1967,
  title     = {Simulation of biological evolution and machine learning: I. Selection of self-reproducing numeric patterns by data processing machines, effects of hereditary control, mutation type and crossing},
  author    = {Reed, Jon and Toombs, Robert and Barricelli, Nils Aall},
  journal   = {Journal of theoretical biology},
  volume    = {17},
  number    = {3},
  pages     = {319--342},
  year      = {1967},
  publisher = {Elsevier}
}

@book{ref:holland:1992,
  title     = {Adaptation in natural and artificial systems: an introductory analysis with applications to biology, control, and artificial intelligence},
  author    = {Holland, John H},
  year      = {1992},
  publisher = {MIT press}
}

@inproceedings{ref:siddique:2001,
  title        = {Training neural networks: backpropagation vs. genetic algorithms},
  author       = {Siddique, MNH and Tokhi, MO},
  booktitle    = {IJCNN'01. International Joint Conference on Neural Networks. Proceedings (Cat. No. 01CH37222)},
  volume       = {4},
  pages        = {2673--2678},
  year         = {2001},
  organization = {IEEE}
}

@inproceedings{ref:miller:1989,
  title     = {Designing Neural Networks Using Genetic Algorithms.},
  author    = {Miller, Geoffrey F and Todd, Peter M and Hegde, Shailesh U},
  booktitle = {ICGA},
  volume    = {89},
  pages     = {379--384},
  year      = {1989}
}

@book{ref:darwin:1987,
  title     = {Charles Darwin's natural selection: being the second part of his big species book written from 1856 to 1858},
  author    = {Darwin, Charles},
  year      = {1987},
  publisher = {Cambridge University Press}
}

@book{ref:darwin:2012,
  title     = {On the origin of the species and the voyage of the beagle},
  author    = {Darwin, Charles},
  year      = {2012},
  publisher = {Graphic Arts Books}
}

@inproceedings{ref:syswerda:1989,
  title     = {Uniform crossover in genetic algorithms.},
  author    = {Syswerda, Gilbert and others},
  booktitle = {ICGA},
  volume    = {3},
  pages     = {2--9},
  year      = {1989}
}

@inproceedings{ref:back:1994,
  title        = {Selective pressure in evolutionary algorithms: A characterization of selection mechanisms},
  author       = {Back, Thomas},
  booktitle    = {Proceedings of the first IEEE conference on evolutionary computation. IEEE World Congress on Computational Intelligence},
  pages        = {57--62},
  year         = {1994},
  organization = {IEEE}
}

@article{ref:dietterich:2002,
  title     = {Ensemble learning},
  author    = {Dietterich, Thomas G and others},
  journal   = {The handbook of brain theory and neural networks},
  volume    = {2},
  number    = {1},
  pages     = {110--125},
  year      = {2002},
  publisher = {MIT press Cambridge, Massachusetts}
}

@inproceedings{ref:cowling:2000,
  title        = {A hyperheuristic approach to scheduling a sales summit},
  author       = {Cowling, Peter and Kendall, Graham and Soubeiga, Eric},
  booktitle    = {International conference on the practice and theory of automated timetabling},
  pages        = {176--190},
  year         = {2000},
  organization = {Springer}
}

@incollection{ref:burke:2003,
  title     = {Hyper-heuristics: An emerging direction in modern search technology},
  author    = {Burke, Edmund and Kendall, Graham and Newall, Jim and Hart, Emma and Ross, Peter and Schulenburg, Sonia},
  booktitle = {Handbook of metaheuristics},
  pages     = {457--474},
  year      = {2003},
  publisher = {Springer}
}

@incollection{ref:ozcan:2006-2,
  title     = {Hill climbers and mutational heuristics in hyperheuristics},
  author    = {{\"O}zcan, Ender and Bilgin, Burak and Korkmaz, Emin Erkan},
  booktitle = {Parallel Problem Solving from Nature-PPSN IX},
  pages     = {202--211},
  year      = {2006},
  publisher = {Springer}
}

@article{ref:burke:2003,
  title     = {A tabu-search hyperheuristic for timetabling and rostering},
  author    = {Burke, Edmund K and Kendall, Graham and Soubeiga, Eric},
  journal   = {Journal of heuristics},
  volume    = {9},
  number    = {6},
  pages     = {451--470},
  year      = {2003},
  publisher = {Springer}
}


@inproceedings{ref:reeves:1998,
  title        = {Selection of training data for neural networks by a genetic algorithm},
  author       = {Reeves, Colin R and Taylor, Stewart J},
  booktitle    = {International Conference on Parallel Problem Solving from Nature},
  pages        = {633--642},
  year         = {1998},
  organization = {Springer}
}

@book{ref:rosenblatt:1957,
  title     = {The perceptron, a perceiving and recognizing automaton Project Para},
  author    = {Rosenblatt, Frank},
  year      = {1957},
  publisher = {Cornell Aeronautical Laboratory}
}